<?xml version="1.0" encoding="UTF-8"?>
<!DOCTYPE html PUBLIC "-//W3C//DTD XHTML 1.0 Transitional//EN"
    "http://www.w3.org/TR/xhtml1/DTD/xhtml1-transitional.dtd">
<html xmlns="http://www.w3.org/1999/xhtml" xml:lang="en" lang="en">
 <head>
  <title>
</title>
<meta http-equiv="Content-Type" content="text/html;charset=utf-8" />
  <meta name='ocr-system' content='tesseract 3.04.00' />
  <meta name='ocr-capabilities' content='ocr_page ocr_carea ocr_par ocr_line ocrx_word'/>
</head>
<body>
  <div class='ocr_page' id='page_1' title='image "./leonisxpontific00fabrgoog_0170.png"; bbox 0 0 4386 5838; ppageno 0'>
   <div class='ocr_carea' id='block_1_1' title="bbox 511 632 1964 4572">
    <p class='ocr_par' dir='ltr' id='par_1_1' title="bbox 591 632 1930 1334">
     <span class='ocr_line' id='line_1_1' title="bbox 650 632 1769 733; baseline -0.001 -30"><span class='ocrx_word' id='word_1_1' title='bbox 650 632 717 703; x_wconf 74' lang='lat'>16&#39;2</span> <span class='ocrx_word' id='word_1_2' title='bbox 1036 635 1062 704; x_wconf 73' lang='lat' dir='ltr'>l.</span> <span class='ocrx_word' id='word_1_3' title='bbox 1110 637 1138 706; x_wconf 82' lang='lat' dir='ltr'>E</span> <span class='ocrx_word' id='word_1_4' title='bbox 1186 634 1219 704; x_wconf 91' lang='grc'>0</span> <span class='ocrx_word' id='word_1_5' title='bbox 1267 636 1297 705; x_wconf 88' lang='lat' dir='ltr'>N</span> <span class='ocrx_word' id='word_1_6' title='bbox 1344 636 1359 703; x_wconf 92' lang='lat' dir='ltr'>l</span> <span class='ocrx_word' id='word_1_7' title='bbox 1409 636 1430 703; x_wconf 93' lang='lat' dir='ltr'>S</span> <span class='ocrx_word' id='word_1_8' title='bbox 1502 634 1543 702; x_wconf 88' lang='grc' dir='ltr'>Χ.</span> <span class='ocrx_word' id='word_1_9' title='bbox 1764 723 1769 733; x_wconf 51' lang='lat'>.</span> 
     </span>
     <span class='ocr_line' id='line_1_2' title="bbox 594 736 1929 844; baseline 0.002 -22"><span class='ocrx_word' id='word_1_10' title='bbox 594 751 685 844; x_wconf 72' lang='lat' dir='ltr'>quod</span> <span class='ocrx_word' id='word_1_11' title='bbox 710 772 792 823; x_wconf 88' lang='lat' dir='ltr'>sane</span> <span class='ocrx_word' id='word_1_12' title='bbox 815 747 985 827; x_wconf 79' lang='lat' dir='ltr'>miraberis</span> <span class='ocrx_word' id='word_1_13' title='bbox 1001 795 1015 840; x_wconf 87' lang='lat'>‚·</span> <span class='ocrx_word' id='word_1_14' title='bbox 1036 779 1107 826; x_wconf 87' lang='lat' dir='ltr'>non</span> <span class='ocrx_word' id='word_1_15' title='bbox 1132 755 1240 825; x_wconf 90' lang='lat' dir='ltr'>solum</span> <span class='ocrx_word' id='word_1_16' title='bbox 1264 753 1453 824; x_wconf 87' lang='lat' dir='ltr'>litterarum</span> <span class='ocrx_word' id='word_1_17' title='bbox 1490 753 1717 824; x_wconf 83' lang='lat' dir='ltr'>monumentis</span> <span class='ocrx_word' id='word_1_18' title='bbox 1752 736 1929 844; x_wconf 78' lang='lat' dir='ltr'>consigna·</span> 
     </span>
     <span class='ocr_line' id='line_1_3' title="bbox 594 861 1930 967; baseline -0.001 -26"><span class='ocrx_word' id='word_1_19' title='bbox 594 891 652 952; x_wconf 89' lang='lat' dir='ltr'>ta,</span> <span class='ocrx_word' id='word_1_20' title='bbox 675 873 735 942; x_wconf 88' lang='lat' dir='ltr'>sed</span> <span class='ocrx_word' id='word_1_21' title='bbox 759 874 861 946; x_wconf 92' lang='lat' dir='ltr'>etiam</span> <span class='ocrx_word' id='word_1_22' title='bbox 886 897 906 943; x_wconf 90' lang='lat' dir='ltr'>a</span> <span class='ocrx_word' id='word_1_23' title='bbox 931 874 1137 964; x_wconf 82' lang='lat' dir='ltr'>peritissimis</span> <span class='ocrx_word' id='word_1_24' title='bbox 1163 873 1311 967; x_wconf 87' lang='lat' dir='ltr'>lignariis</span> <span class='ocrx_word' id='word_1_25' title='bbox 1332 872 1559 946; x_wconf 81' lang='lat' dir='ltr'>caelatoribus</span> <span class='ocrx_word' id='word_1_26' title='bbox 1583 873 1618 942; x_wconf 90' lang='lat' dir='ltr'>in</span> <span class='ocrx_word' id='word_1_27' title='bbox 1643 872 1812 944; x_wconf 87' lang='lat' dir='ltr'>interioris</span> <span class='ocrx_word' id='word_1_28' title='bbox 1837 861 1930 941; x_wconf 75' lang='lat' dir='ltr'>Pon-¹</span> 
     </span>
     <span class='ocr_line' id='line_1_4' title="bbox 594 989 1929 1094; baseline 0.007 -37"><span class='ocrx_word' id='word_1_29' title='bbox 594 989 873 1092; x_wconf 21' lang='lat' dir='ltr'>tiflciitcubiculi</span> <span class='ocrx_word' id='word_1_30' title='bbox 899 992 1027 1094; x_wconf 60' lang='lat' dir='ltr'>foyibus</span> <span class='ocrx_word' id='word_1_31' title='bbox 1060 995 1181 1068; x_wconf 85' lang='lat' dir='ltr'>affabre</span> <span class='ocrx_word' id='word_1_32' title='bbox 1219 1019 1378 1085; x_wconf 83' lang='lat' dir='ltr'>expressa</span> <span class='ocrx_word' id='word_1_33' title='bbox 1416 993 1481 1064; x_wconf 86' lang='lat' dir='ltr'>fuit</span> <span class='ocrx_word' id='word_1_34' title='bbox 1509 993 1614 1084; x_wconf 72' lang='lat'>(79).</span> <span class='ocrx_word' id='word_1_35' title='bbox 1649 993 1687 1064; x_wconf 93' lang='lat' dir='ltr'>ld</span> <span class='ocrx_word' id='word_1_36' title='bbox 1723 991 1929 1066; x_wconf 77' lang='lat' dir='ltr'>narrandum</span> 
     </span>
     <span class='ocr_line' id='line_1_5' title="bbox 591 1109 1928 1206; baseline 0.001 -27"><span class='ocrx_word' id='word_1_37' title='bbox 591 1111 731 1198; x_wconf 84' lang='lat' dir='ltr'>putavi,</span> <span class='ocrx_word' id='word_1_38' title='bbox 755 1136 960 1206; x_wconf 87' lang='lat' dir='ltr'>quanquam·</span> <span class='ocrx_word' id='word_1_39' title='bbox 972 1113 1143 1186; x_wconf 87' lang='lat' dir='ltr'>nonnullis</span> <span class='ocrx_word' id='word_1_40' title='bbox 1160 1115 1236 1187; x_wconf 88' lang='lat' dir='ltr'>leve</span> <span class='ocrx_word' id='word_1_41' title='bbox 1254 1115 1399 1188; x_wconf 83' lang='lat' dir='ltr'>fortasse</span> <span class='ocrx_word' id='word_1_42' title='bbox 1425 1114 1616 1202; x_wconf 81' lang='lat' dir='ltr'>videbitur,</span> <span class='ocrx_word' id='word_1_43' title='bbox 1639 1133 1678 1184; x_wconf 91' lang='lat' dir='ltr'>ut</span> <span class='ocrx_word' id='word_1_44' title='bbox 1698 1136 1741 1184; x_wconf 86' lang='lat' dir='ltr'>ex</span> <span class='ocrx_word' id='word_1_45' title='bbox 1759 1134 1819 1198; x_wconf 85' lang='lat' dir='ltr'>eo,</span> <span class='ocrx_word' id='word_1_46' title='bbox 1833 1109 1928 1203; x_wconf 90' lang='lat' dir='ltr'>quod</span> 
     </span>
     <span class='ocr_line' id='line_1_6' title="bbox 592 1227 1440 1334; baseline 0 -30"><span class='ocrx_word' id='word_1_47' title='bbox 592 1231 768 1324; x_wconf 82' lang='lat' dir='ltr'>ingenium</span> <span class='ocrx_word' id='word_1_48' title='bbox 792 1232 1100 1320; x_wconf 65' lang='lat' dir='ltr'>esset&#39;Pontiiicis,</span> <span class='ocrx_word' id='word_1_49' title='bbox 1126 1236 1285 1334; x_wconf 89' lang='lat' dir='ltr'>cognosci</span> <span class='ocrx_word' id='word_1_50' title='bbox 1302 1227 1440 1324; x_wconf 87' lang='lat' dir='ltr'>possit.</span> 
     </span>
    </p>

    <p class='ocr_par' dir='ltr' id='par_1_2' title="bbox 511 1351 1964 4572">
     <span class='ocr_line' id='line_1_7' title="bbox 692 1351 1929 1447; baseline -0.002 -25"><span class='ocrx_word' id='word_1_51' title='bbox 692 1354 797 1424; x_wconf 90' lang='lat' dir='ltr'>Porro</span> <span class='ocrx_word' id='word_1_52' title='bbox 822 1355 868 1425; x_wconf 94' lang='lat' dir='ltr'>nil</span> <span class='ocrx_word' id='word_1_53' title='bbox 893 1373 963 1426; x_wconf 88' lang='lat' dir='ltr'>tam</span> <span class='ocrx_word' id='word_1_54' title='bbox 985 1371 1263 1447; x_wconf 80' lang='lat' dir='ltr'>cognatum&#39;erat</span> <span class='ocrx_word' id='word_1_55' title='bbox 1287 1355 1388 1447; x_wconf 88' lang='lat' dir='ltr'>hujus</span> <span class='ocrx_word' id='word_1_56' title='bbox 1415 1354 1549 1440; x_wconf 84' lang='lat' dir='ltr'>menti,</span> <span class='ocrx_word' id='word_1_57' title='bbox 1588 1375 1689 1446; x_wconf 89' lang='lat' dir='ltr'>quam</span> <span class='ocrx_word' id='word_1_58' title='bbox 1728 1351 1851 1421; x_wconf 87' lang='lat' dir='ltr'>habere</span> <span class='ocrx_word' id='word_1_59' title='bbox 1894 1353 1929 1420; x_wconf 73' lang='lat' dir='ltr'>St</span> 
     </span>
     <span class='ocr_line' id='line_1_8' title="bbox 593 1467 1930 1563; baseline -0.004 -21"><span class='ocrx_word' id='word_1_60' title='bbox 593 1493 758 1563; x_wconf 87' lang='lat' dir='ltr'>quaerere·</span> <span class='ocrx_word' id='word_1_61' title='bbox 780 1473 907 1546; x_wconf 87' lang='lat' dir='ltr'>ridendi</span> <span class='ocrx_word' id='word_1_62' title='bbox 931 1475 1128 1546; x_wconf 81' lang='lat' dir='ltr'>materiem.</span> <span class='ocrx_word' id='word_1_63' title='bbox 1152 1475 1309 1544; x_wconf 88' lang='lat' dir='ltr'>Sumebat</span> <span class='ocrx_word' id='word_1_64' title='bbox 1341 1475 1431 1544; x_wconf 88' lang='lat' dir='ltr'>hanc</span> <span class='ocrx_word' id='word_1_65' title='bbox 1454 1473 1622 1544; x_wconf 88' lang='lat' dir='ltr'>interdum</span> <span class='ocrx_word' id='word_1_66' title='bbox 1647 1495 1689 1542; x_wconf 86' lang='lat' dir='ltr'>ex</span> <span class='ocrx_word' id='word_1_67' title='bbox 1712 1467 1930 1540; x_wconf 81' lang='lat' dir='ltr'>deformitate</span> 
     </span>
     <span class='ocr_line' id='line_1_9' title="bbox 593 1585 1930 1686; baseline -0.004 -26"><span class='ocrx_word' id='word_1_68' title='bbox 593 1591 807 1686; x_wconf 75' lang='lat' dir='ltr'>&amp;corporis</span> <span class='ocrx_word' id='word_1_69' title='bbox 833 1593 951 1673; x_wconf 87' lang='lat' dir='ltr'>viriis,</span> <span class='ocrx_word' id='word_1_70' title='bbox 978 1595 1146 1666; x_wconf 89' lang='lat' dir='ltr'>interdum</span> <span class='ocrx_word' id='word_1_71' title='bbox 1172 1617 1214 1666; x_wconf 83' lang='lat' dir='ltr'>ex</span> <span class='ocrx_word' id='word_1_72' title='bbox 1236 1591 1393 1664; x_wconf 91' lang='lat' dir='ltr'>stultitiis</span> <span class='ocrx_word' id='word_1_73' title='bbox 1417 1585 1505 1683; x_wconf 83' lang='lat'><em>(80)</em></span> <span class='ocrx_word' id='word_1_74' title='bbox 1535 1597 1568 1663; x_wconf 78' lang='grc' dir='ltr'>δι</span> <span class='ocrx_word' id='word_1_75' title='bbox 1594 1615 1637 1662; x_wconf 83' lang='lat' dir='ltr'>ex</span> <span class='ocrx_word' id='word_1_76' title='bbox 1662 1587 1866 1680; x_wconf 80' lang='lat' dir='ltr'>negligentia</span> <span class='ocrx_word' id='word_1_77' title='bbox 1894 1587 1930 1656; x_wconf 77' lang='lat' dir='ltr'>bc</span> 
     </span>
     <span class='ocr_line' id='line_1_10' title="bbox 593 1703 1931 1794; baseline -0.007 -13"><span class='ocrx_word' id='word_1_78' title='bbox 593 1712 768 1784; x_wconf 86' lang='lat' dir='ltr'>erroribus</span> <span class='ocrx_word' id='word_1_79' title='bbox 792 1711 987 1793; x_wconf 86' lang='lat' dir='ltr'>hominum,</span> <span class='ocrx_word' id='word_1_80' title='bbox 1012 1718 1046 1782; x_wconf 75' lang='grc' dir='ltr'>δι</span> <span class='ocrx_word' id='word_1_81' title='bbox 1071 1712 1171 1782; x_wconf 88' lang='lat' dir='ltr'>testis</span> <span class='ocrx_word' id='word_1_82' title='bbox 1206 1717 1259 1784; x_wconf 88' lang='lat' dir='ltr'>est</span> <span class='ocrx_word' id='word_1_83' title='bbox 1284 1716 1476 1794; x_wconf 80' lang='lat' dir='ltr'>Graecias,</span> <span class='ocrx_word' id='word_1_84' title='bbox 1514 1711 1686 1782; x_wconf 85' lang='lat' dir='ltr'>cumcito</span> <span class='ocrx_word' id='word_1_85' title='bbox 1721 1709 1823 1779; x_wconf 88' lang='lat' dir='ltr'>nimis</span> <span class='ocrx_word' id='word_1_86' title='bbox 1863 1703 1931 1776; x_wconf 85' lang='lat' dir='ltr'>ali-</span> 
     </span>
     <span class='ocr_line' id='line_1_11' title="bbox 594 1823 1931 1922; baseline -0.007 -20"><span class='ocrx_word' id='word_1_87' title='bbox 594 1831 729 1922; x_wconf 87' lang='lat' dir='ltr'>quando</span> <span class='ocrx_word' id='word_1_88' title='bbox 752 1831 903 1903; x_wconf 86' lang='lat' dir='ltr'>venisset</span> <span class='ocrx_word' id='word_1_89' title='bbox 928 1832 972 1902; x_wconf 86' lang='lat' dir='ltr'>ad</span> <span class='ocrx_word' id='word_1_90' title='bbox 996 1849 1125 1904; x_wconf 85' lang='lat' dir='ltr'>statuta</span> <span class='ocrx_word' id='word_1_91' title='bbox 1153 1832 1342 1916; x_wconf 84' lang='lat' dir='ltr'>sacrificia,</span> <span class='ocrx_word' id='word_1_92' title='bbox 1363 1831 1518 1904; x_wconf 88' lang='lat' dir='ltr'>deridere</span> <span class='ocrx_word' id='word_1_93' title='bbox 1543 1823 1679 1900; x_wconf 83' lang='lat' dir='ltr'>solitum</span> <span class='ocrx_word' id='word_1_94' title='bbox 1718 1827 1823 1898; x_wconf 85' lang='lat' dir='ltr'>fuisse</span> <span class='ocrx_word' id='word_1_95' title='bbox 1849 1847 1931 1894; x_wconf 89' lang='lat' dir='ltr'>cun·</span> 
     </span>
     <span class='ocr_line' id='line_1_12' title="bbox 594 1941 1931 2030; baseline -0.007 -10"><span class='ocrx_word' id='word_1_96' title='bbox 594 1947 725 2024; x_wconf 69' lang='lat' dir='ltr'>slantes</span> <span class='ocrx_word' id='word_1_97' title='bbox 750 1953 889 2023; x_wconf 87' lang='lat' dir='ltr'>Patres.</span> <span class='ocrx_word' id='word_1_98' title='bbox 914 1951 1113 2022; x_wconf 90' lang='lat' dir='ltr'>Sciscitanti</span> <span class='ocrx_word' id='word_1_99' title='bbox 1138 1953 1323 2022; x_wconf 86' lang='lat' dir='ltr'>Francisco</span> <span class='ocrx_word' id='word_1_100' title='bbox 1349 1949 1531 2024; x_wconf 78' lang='lat' dir='ltr'>Remulino</span> <span class='ocrx_word' id='word_1_101' title='bbox 1556 1945 1758 2030; x_wconf 87' lang='lat' dir='ltr'>Cardinali,</span> <span class='ocrx_word' id='word_1_102' title='bbox 1793 1941 1931 2013; x_wconf 88' lang='lat' dir='ltr'>numei</span> 
     </span>
     <span class='ocr_line' id='line_1_13' title="bbox 592 2067 1930 2156; baseline -0.005 -14"><span class='ocrx_word' id='word_1_103' title='bbox 592 2070 757 2144; x_wconf 87' lang='lat' dir='ltr'>molestus</span> <span class='ocrx_word' id='word_1_104' title='bbox 781 2071 916 2142; x_wconf 81' lang='lat' dir='ltr'>iuturus</span> <span class='ocrx_word' id='word_1_105' title='bbox 938 2092 1057 2156; x_wconf 87' lang='lat' dir='ltr'>esset,</span> <span class='ocrx_word' id='word_1_106' title='bbox 1082 2073 1110 2142; x_wconf 86' lang='lat' dir='ltr'>si</span> <span class='ocrx_word' id='word_1_107' title='bbox 1135 2071 1176 2142; x_wconf 88' lang='lat' dir='ltr'>ad</span> <span class='ocrx_word' id='word_1_108' title='bbox 1202 2071 1297 2144; x_wconf 90' lang='lat' dir='ltr'>illum</span> <span class='ocrx_word' id='word_1_109' title='bbox 1319 2073 1405 2144; x_wconf 88' lang='lat' dir='ltr'>berre</span> <span class='ocrx_word' id='word_1_110' title='bbox 1432 2089 1510 2142; x_wconf 90' lang='lat' dir='ltr'>ante</span> <span class='ocrx_word' id='word_1_111' title='bbox 1535 2069 1643 2140; x_wconf 83' lang='lat' dir='ltr'>lacem</span> <span class='ocrx_word' id='word_1_112' title='bbox 1684 2067 1865 2140; x_wconf 80' lang='lat' dir='ltr'>venisset:</span> <span class='ocrx_word' id='word_1_113' title='bbox 1891 2080 1930 2132; x_wconf 87' lang='lat' dir='ltr'>tn</span> 
     </span>
     <span class='ocr_line' id='line_1_14' title="bbox 594 2183 1932 2286; baseline -0.007 -24"><span class='ocrx_word' id='word_1_114' title='bbox 594 2213 679 2264; x_wconf 88' lang='lat' dir='ltr'>vero</span> <span class='ocrx_word' id='word_1_115' title='bbox 695 2243 704 2276; x_wconf 85' lang='grc'><em>,</em></span> <span class='ocrx_word' id='word_1_116' title='bbox 723 2191 926 2284; x_wconf 85' lang='lat' dir='ltr'>respondit,</span> <span class='ocrx_word' id='word_1_117' title='bbox 951 2190 1115 2262; x_wconf 88' lang='lat' dir='ltr'>molestus</span> <span class='ocrx_word' id='word_1_118' title='bbox 1141 2215 1212 2260; x_wconf 90' lang='lat' dir='ltr'>non</span> <span class='ocrx_word' id='word_1_119' title='bbox 1251 2193 1337 2262; x_wconf 86' lang='lat' dir='ltr'>etis:</span> <span class='ocrx_word' id='word_1_120' title='bbox 1374 2190 1500 2286; x_wconf 84' lang='lat' dir='ltr'>jubebis</span> <span class='ocrx_word' id='word_1_121' title='bbox 1534 2189 1636 2280; x_wconf 88' lang='lat' dir='ltr'>igitur</span> <span class='ocrx_word' id='word_1_122' title='bbox 1674 2207 1707 2258; x_wconf 91' lang='lat' dir='ltr'>te</span> <span class='ocrx_word' id='word_1_123' title='bbox 1741 2183 1932 2257; x_wconf 72' lang='lat' dir='ltr'>suscitari?</span> 
     </span>
     <span class='ocr_line' id='line_1_15' title="bbox 592 2305 1929 2404; baseline -0.006 -22"><span class='ocrx_word' id='word_1_124' title='bbox 592 2314 756 2402; x_wconf 84' lang='lat' dir='ltr'>Turpiter</span> <span class='ocrx_word' id='word_1_125' title='bbox 781 2311 872 2382; x_wconf 88' lang='lat' dir='ltr'>enim</span> <span class='ocrx_word' id='word_1_126' title='bbox 895 2333 997 2402; x_wconf 83' lang='lat' dir='ltr'>saepe</span> <span class='ocrx_word' id='word_1_127' title='bbox 1020 2311 1241 2384; x_wconf 87' lang='lat' dir='ltr'>decumbebat</span> <span class='ocrx_word' id='word_1_128' title='bbox 1265 2307 1371 2402; x_wconf 75' lang='lat'>(81).</span> <span class='ocrx_word' id='word_1_129' title='bbox 1400 2312 1493 2404; x_wconf 84' lang='lat' dir='ltr'>Quia</span> <span class='ocrx_word' id='word_1_130' title='bbox 1522 2332 1661 2394; x_wconf 86' lang='lat' dir='ltr'>eorum,</span> <span class='ocrx_word' id='word_1_131' title='bbox 1701 2327 1741 2380; x_wconf 87' lang='lat' dir='ltr'>ut</span> <span class='ocrx_word' id='word_1_132' title='bbox 1785 2305 1929 2400; x_wconf 90' lang='lat' dir='ltr'>quisque</span> 
     </span>
     <span class='ocr_line' id='line_1_16' title="bbox 592 2423 1931 2526; baseline -0.01 -21"><span class='ocrx_word' id='word_1_133' title='bbox 592 2449 667 2505; x_wconf 82' lang='lat' dir='ltr'>etat</span> <span class='ocrx_word' id='word_1_134' title='bbox 698 2455 847 2526; x_wconf 89' lang='lat' dir='ltr'>genere,</span> <span class='ocrx_word' id='word_1_135' title='bbox 872 2431 1065 2504; x_wconf 90' lang='lat' dir='ltr'>muneribus</span> <span class='ocrx_word' id='word_1_136' title='bbox 1091 2432 1264 2525; x_wconf 90' lang='lat' dir='ltr'>copiisque</span> <span class='ocrx_word' id='word_1_137' title='bbox 1290 2432 1539 2524; x_wconf 88' lang='lat' dir='ltr'>amplissimus,</span> <span class='ocrx_word' id='word_1_138' title='bbox 1573 2432 1622 2502; x_wconf 91' lang='lat' dir='ltr'>ita</span> <span class='ocrx_word' id='word_1_139' title='bbox 1661 2427 1826 2521; x_wconf 88' lang='lat' dir='ltr'>plurimos</span> <span class='ocrx_word' id='word_1_140' title='bbox 1865 2423 1931 2494; x_wconf 90' lang='lat' dir='ltr'>cir·</span> 
     </span>
     <span class='ocr_line' id='line_1_17' title="bbox 591 2549 1932 2644; baseline -0.007 -21"><span class='ocrx_word' id='word_1_141' title='bbox 591 2575 672 2624; x_wconf 89' lang='lat' dir='ltr'>cum</span> <span class='ocrx_word' id='word_1_142' title='bbox 695 2576 733 2625; x_wconf 88' lang='lat' dir='ltr'>se</span> <span class='ocrx_word' id='word_1_143' title='bbox 761 2577 897 2638; x_wconf 83' lang='lat' dir='ltr'>servos,</span> <span class='ocrx_word' id='word_1_144' title='bbox 935 2550 1141 2644; x_wconf 86' lang='lat' dir='ltr'>clientesque</span> <span class='ocrx_word' id='word_1_145' title='bbox 1170 2554 1342 2640; x_wconf 83' lang='lat' dir='ltr'>habebat,</span> <span class='ocrx_word' id='word_1_146' title='bbox 1376 2555 1466 2625; x_wconf 90' lang='lat' dir='ltr'>banc</span> <span class='ocrx_word' id='word_1_147' title='bbox 1499 2574 1601 2624; x_wconf 88' lang='lat' dir='ltr'>uuam</span> <span class='ocrx_word' id='word_1_148' title='bbox 1633 2549 1780 2644; x_wconf 87' lang='lat' dir='ltr'>gratiam</span> <span class='ocrx_word' id='word_1_149' title='bbox 1812 2563 1932 2635; x_wconf 86' lang='lat' dir='ltr'>poten·</span> 
     </span>
     <span class='ocr_line' id='line_1_18' title="bbox 592 2667 1932 2766; baseline -0.007 -22"><span class='ocrx_word' id='word_1_150' title='bbox 592 2672 742 2766; x_wconf 79' lang='lat' dir='ltr'>aiamque</span> <span class='ocrx_word' id='word_1_151' title='bbox 765 2693 977 2759; x_wconf 87' lang='lat' dir='ltr'>noscentes,</span> <span class='ocrx_word' id='word_1_152' title='bbox 1003 2673 1047 2744; x_wconf 91' lang='lat' dir='ltr'>ad</span> <span class='ocrx_word' id='word_1_153' title='bbox 1069 2696 1129 2744; x_wconf 91' lang='lat' dir='ltr'>eos</span> <span class='ocrx_word' id='word_1_154' title='bbox 1155 2672 1342 2763; x_wconf 89' lang='lat' dir='ltr'>carpendos</span> <span class='ocrx_word' id='word_1_155' title='bbox 1379 2671 1487 2746; x_wconf 90' lang='lat' dir='ltr'>multa</span> <span class='ocrx_word' id='word_1_156' title='bbox 1510 2673 1620 2764; x_wconf 88' lang='lat' dir='ltr'>lepide</span> <span class='ocrx_word' id='word_1_157' title='bbox 1644 2671 1770 2742; x_wconf 80' lang='lat' dir='ltr'>dixisse</span> <span class='ocrx_word' id='word_1_158' title='bbox 1796 2667 1932 2738; x_wconf 86' lang='lat' dir='ltr'>fertur.</span> 
     </span>
     <span class='ocr_line' id='line_1_19' title="bbox 591 2789 1932 2890; baseline -0.002 -27"><span class='ocrx_word' id='word_1_159' title='bbox 591 2791 686 2866; x_wconf 84' lang='lat' dir='ltr'>Salse</span> <span class='ocrx_word' id='word_1_160' title='bbox 709 2797 844 2890; x_wconf 86' lang='lat' dir='ltr'>quidem</span> <span class='ocrx_word' id='word_1_161' title='bbox 868 2794 975 2866; x_wconf 89' lang='lat' dir='ltr'>irrisit</span> <span class='ocrx_word' id='word_1_162' title='bbox 999 2793 1161 2866; x_wconf 82' lang='lat' dir='ltr'>luxuriem</span> <span class='ocrx_word' id='word_1_163' title='bbox 1184 2793 1345 2866; x_wconf 84' lang='lat' dir='ltr'>Friderici</span> <span class='ocrx_word' id='word_1_164' title='bbox 1369 2793 1585 2866; x_wconf 81' lang='lat' dir='ltr'>Sanseverini</span> <span class='ocrx_word' id='word_1_165' title='bbox 1621 2789 1837 2874; x_wconf 79' lang='lat' dir='ltr'>cardinalis,</span> <span class='ocrx_word' id='word_1_166' title='bbox 1873 2790 1932 2881; x_wconf 89' lang='lat' dir='ltr'>qui</span> 
     </span>
     <span class='ocr_line' id='line_1_20' title="bbox 592 2911 1931 3020; baseline -0.004 -36"><span class='ocrx_word' id='word_1_167' title='bbox 592 2937 671 2986; x_wconf 89' lang='lat' dir='ltr'>cum</span> <span class='ocrx_word' id='word_1_168' title='bbox 694 2917 843 3020; x_wconf 87' lang='lat' dir='ltr'>undique</span> <span class='ocrx_word' id='word_1_169' title='bbox 867 2939 925 2989; x_wconf 89' lang='lat' dir='ltr'>aes</span> <span class='ocrx_word' id='word_1_170' title='bbox 951 2915 1098 2988; x_wconf 86' lang='lat' dir='ltr'>alienum</span> <span class='ocrx_word' id='word_1_171' title='bbox 1119 2917 1370 3003; x_wconf 83' lang='lat' dir='ltr'>contraxisset,</span> <span class='ocrx_word' id='word_1_172' title='bbox 1395 2915 1482 2988; x_wconf 90' lang='lat' dir='ltr'>nibil</span> <span class='ocrx_word' id='word_1_173' title='bbox 1507 2913 1565 2985; x_wconf 93' lang='lat' dir='ltr'>illo</span> <span class='ocrx_word' id='word_1_174' title='bbox 1590 2913 1663 2986; x_wconf 85' lang='lat' dir='ltr'>fieri</span> <span class='ocrx_word' id='word_1_175' title='bbox 1687 2936 1788 3004; x_wconf 86' lang='lat' dir='ltr'>posse</span> <span class='ocrx_word' id='word_1_176' title='bbox 1811 2911 1931 2980; x_wconf 85' lang='lat' dir='ltr'>huma·</span> 
     </span>
     <span class='ocr_line' id='line_1_21' title="bbox 589 3019 1934 3131; baseline -0.008 -23"><span class='ocrx_word' id='word_1_177' title='bbox 589 3019 670 3108; x_wconf 78' lang='lat' dir='ltr'>rrius</span> <span class='ocrx_word' id='word_1_178' title='bbox 694 3033 853 3124; x_wconf 87' lang='lat' dir='ltr'>dicebat,</span> <span class='ocrx_word' id='word_1_179' title='bbox 876 3037 969 3131; x_wconf 91' lang='lat' dir='ltr'>quod</span> <span class='ocrx_word' id='word_1_180' title='bbox 993 3037 1150 3110; x_wconf 86' lang='lat' dir='ltr'>omnibus</span> <span class='ocrx_word' id='word_1_181' title='bbox 1176 3037 1273 3110; x_wconf 84' lang='lat' dir='ltr'>fidem</span> <span class='ocrx_word' id='word_1_182' title='bbox 1293 3059 1389 3109; x_wconf 87' lang='lat' dir='ltr'>suam</span> <span class='ocrx_word' id='word_1_183' title='bbox 1412 3034 1670 3128; x_wconf 83' lang='lat' dir='ltr'>obbligaverat.</span> <span class='ocrx_word' id='word_1_184' title='bbox 1689 3033 1838 3104; x_wconf 86' lang='lat' dir='ltr'>Odiosas</span> <span class='ocrx_word' id='word_1_185' title='bbox 1858 3051 1934 3112; x_wconf 79' lang='lat' dir='ltr'>sae-¹</span> 
     </span>
     <span class='ocr_line' id='line_1_22' title="bbox 591 3147 1933 3252; baseline -0.007 -26"><span class='ocrx_word' id='word_1_186' title='bbox 591 3177 636 3245; x_wconf 85' lang='lat' dir='ltr'>pe</span> <span class='ocrx_word' id='word_1_187' title='bbox 659 3177 734 3238; x_wconf 85' lang='lat' dir='ltr'>res,</span> <span class='ocrx_word' id='word_1_188' title='bbox 757 3177 842 3251; x_wconf 86' lang='lat' dir='ltr'>quas</span> <span class='ocrx_word' id='word_1_189' title='bbox 868 3161 1074 3249; x_wconf 83' lang='lat' dir='ltr'>argumentis</span> <span class='ocrx_word' id='word_1_190' title='bbox 1099 3158 1181 3229; x_wconf 89' lang='lat' dir='ltr'>dilui</span> <span class='ocrx_word' id='word_1_191' title='bbox 1204 3179 1275 3230; x_wconf 89' lang='lat' dir='ltr'>non</span> <span class='ocrx_word' id='word_1_192' title='bbox 1301 3157 1399 3230; x_wconf 82' lang='lat' dir='ltr'>facile</span> <span class='ocrx_word' id='word_1_193' title='bbox 1425 3156 1576 3242; x_wconf 83' lang='lat' dir='ltr'>fuisset,</span> <span class='ocrx_word' id='word_1_194' title='bbox 1601 3159 1679 3252; x_wconf 89' lang='lat' dir='ltr'>joco</span> <span class='ocrx_word' id='word_1_195' title='bbox 1703 3155 1840 3245; x_wconf 86' lang='lat' dir='ltr'>risuque</span> <span class='ocrx_word' id='word_1_196' title='bbox 1864 3147 1933 3220; x_wconf 87' lang='lat' dir='ltr'>dis·</span> 
     </span>
     <span class='ocr_line' id='line_1_23' title="bbox 588 3259 1962 3370; baseline -0.004 -23"><span class='ocrx_word' id='word_1_197' title='bbox 588 3273 776 3362; x_wconf 54' lang='lat' dir='ltr'>solvebam</span> <span class='ocrx_word' id='word_1_198' title='bbox 800 3282 835 3348; x_wconf 76' lang='grc' dir='ltr'>δι</span> <span class='ocrx_word' id='word_1_199' title='bbox 859 3275 933 3351; x_wconf 85' lang='lat' dir='ltr'>sive</span> <span class='ocrx_word' id='word_1_200' title='bbox 958 3278 1125 3364; x_wconf 87' lang='lat' dir='ltr'>haberet,</span> <span class='ocrx_word' id='word_1_201' title='bbox 1150 3279 1242 3370; x_wconf 83' lang='lat' dir='ltr'>qnod</span> <span class='ocrx_word' id='word_1_202' title='bbox 1268 3301 1406 3350; x_wconf 87' lang='lat' dir='ltr'>narrare</span> <span class='ocrx_word' id='word_1_203' title='bbox 1444 3276 1642 3368; x_wconf 89' lang='lat' dir='ltr'>potuisset,</span> <span class='ocrx_word' id='word_1_204' title='bbox 1679 3277 1751 3349; x_wconf 81' lang='lat' dir='ltr'>sive</span> <span class='ocrx_word' id='word_1_205' title='bbox 1789 3275 1930 3365; x_wconf 85' lang='lat' dir='ltr'>fingeret</span> <span class='ocrx_word' id='word_1_206' title='bbox 1960 3259 1962 3266; x_wconf 75' lang='grc'><strong>’</strong></span> 
     </span>
     <span class='ocr_line' id='line_1_24' title="bbox 592 3395 1934 3490; baseline -0.004 -22"><span class='ocrx_word' id='word_1_207' title='bbox 592 3396 639 3468; x_wconf 88' lang='lat' dir='ltr'>ad</span> <span class='ocrx_word' id='word_1_208' title='bbox 662 3395 904 3470; x_wconf 84' lang='lat' dir='ltr'>describendos</span> <span class='ocrx_word' id='word_1_209' title='bbox 929 3400 963 3470; x_wconf 76' lang='lat' dir='ltr'>bt</span> <span class='ocrx_word' id='word_1_210' title='bbox 987 3398 1195 3490; x_wconf 84' lang='lat' dir='ltr'>effingendos</span> <span class='ocrx_word' id='word_1_211' title='bbox 1219 3398 1395 3470; x_wconf 88' lang='lat' dir='ltr'>hominum</span> <span class='ocrx_word' id='word_1_212' title='bbox 1419 3419 1552 3483; x_wconf 87' lang='lat' dir='ltr'>mores,</span> <span class='ocrx_word' id='word_1_213' title='bbox 1585 3421 1759 3489; x_wconf 79' lang='lat' dir='ltr'>nunquam</span> <span class='ocrx_word' id='word_1_214' title='bbox 1795 3415 1864 3464; x_wconf 88' lang='lat' dir='ltr'>uon</span> <span class='ocrx_word' id='word_1_215' title='bbox 1894 3417 1934 3462; x_wconf 93' lang='lat' dir='ltr'>re</span> 
     </span>
     <span class='ocr_line' id='line_1_25' title="bbox 590 3510 1964 3609; baseline -0.001 -25"><span class='ocrx_word' id='word_1_216' title='bbox 590 3510 703 3602; x_wconf 81' lang='lat' dir='ltr'>lepide</span> <span class='ocrx_word' id='word_1_217' title='bbox 727 3515 915 3588; x_wconf 81' lang='lat' dir='ltr'>&amp;erudite</span> <span class='ocrx_word' id='word_1_218' title='bbox 938 3519 1380 3609; x_wconf 80' lang='lat' dir='ltr'>narrata‚&#39;quales.essent</span> <span class='ocrx_word' id='word_1_219' title='bbox 1406 3516 1673 3607; x_wconf 85' lang='lat' dir='ltr'>intelligebatur.</span> <span class='ocrx_word' id='word_1_220' title='bbox 1698 3516 1845 3587; x_wconf 80' lang='lat' dir='ltr'>Maxime</span> <span class='ocrx_word' id='word_1_221' title='bbox 1871 3535 1934 3584; x_wconf 88' lang='lat' dir='ltr'>au-</span> <span class='ocrx_word' id='word_1_222' title='bbox 1960 3551 1964 3562; x_wconf 91' lang='lat'>·</span> 
     </span>
     <span class='ocr_line' id='line_1_26' title="bbox 592 3629 1930 3742; baseline 0.003 -41"><span class='ocrx_word' id='word_1_223' title='bbox 592 3648 665 3704; x_wconf 86' lang='lat' dir='ltr'>tem</span> <span class='ocrx_word' id='word_1_224' title='bbox 688 3629 917 3710; x_wconf 69' lang='lat' dir='ltr'>delel&#39;labatut</span> <span class='ocrx_word' id='word_1_225' title='bbox 939 3635 1061 3742; x_wconf 77' lang='lat' dir='ltr'>facetis</span> <span class='ocrx_word' id='word_1_226' title='bbox 1085 3635 1305 3724; x_wconf 88' lang='lat' dir='ltr'>homiuibus,</span> <span class='ocrx_word' id='word_1_227' title='bbox 1331 3660 1402 3708; x_wconf 89' lang='lat' dir='ltr'>non</span> <span class='ocrx_word' id='word_1_228' title='bbox 1426 3636 1466 3706; x_wconf 91' lang='lat' dir='ltr'>iis</span> <span class='ocrx_word' id='word_1_229' title='bbox 1491 3637 1612 3719; x_wconf 84' lang='lat' dir='ltr'>modo,</span> <span class='ocrx_word' id='word_1_230' title='bbox 1628 3639 1686 3727; x_wconf 86' lang='lat' dir='ltr'>qui</span> <span class='ocrx_word' id='word_1_231' title='bbox 1712 3659 1834 3727; x_wconf 86' lang='lat' dir='ltr'>genere</span> <span class='ocrx_word' id='word_1_232' title='bbox 1858 3649 1930 3705; x_wconf 85' lang='lat' dir='ltr'>ute·</span> 
     </span>
     <span class='ocr_line' id='line_1_27' title="bbox 593 3750 1933 3850; baseline 0.003 -30"><span class='ocrx_word' id='word_1_233' title='bbox 593 3750 720 3824; x_wconf 83' lang='lat' dir='ltr'>bantur</span> <span class='ocrx_word' id='word_1_234' title='bbox 744 3751 879 3847; x_wconf 86' lang='lat' dir='ltr'>jocandi</span> <span class='ocrx_word' id='word_1_235' title='bbox 911 3773 1037 3841; x_wconf 80' lang='lat' dir='ltr'>acuto,</span> <span class='ocrx_word' id='word_1_236' title='bbox 1062 3755 1223 3848; x_wconf 79' lang='lat' dir='ltr'>eleganti,</span> <span class='ocrx_word' id='word_1_237' title='bbox 1250 3761 1285 3827; x_wconf 75' lang='lat' dir='ltr'>bt</span> <span class='ocrx_word' id='word_1_238' title='bbox 1308 3757 1504 3850; x_wconf 84' lang='lat' dir='ltr'>ingenioso,</span> <span class='ocrx_word' id='word_1_239' title='bbox 1529 3755 1589 3828; x_wconf 84' lang='lat' dir='ltr'>sed</span> <span class='ocrx_word' id='word_1_240' title='bbox 1611 3759 1642 3824; x_wconf 75' lang='grc' dir='ltr'>δι</span> <span class='ocrx_word' id='word_1_241' title='bbox 1668 3756 1739 3841; x_wconf 86' lang='lat' dir='ltr'>iis,</span> <span class='ocrx_word' id='word_1_242' title='bbox 1764 3757 1842 3846; x_wconf 76' lang='lat' dir='ltr'>qui.</span> <span class='ocrx_word' id='word_1_243' title='bbox 1867 3776 1933 3825; x_wconf 81' lang='lat' dir='ltr'>ex·</span> 
     </span>
     <span class='ocr_line' id='line_1_28' title="bbox 594 3855 1931 3970; baseline 0 -28"><span class='ocrx_word' id='word_1_244' title='bbox 594 3871 721 3944; x_wconf 85' lang='lat' dir='ltr'>hausto</span> <span class='ocrx_word' id='word_1_245' title='bbox 746 3872 897 3965; x_wconf 87' lang='lat' dir='ltr'>pudore,</span> <span class='ocrx_word' id='word_1_246' title='bbox 921 3895 958 3944; x_wconf 92' lang='lat' dir='ltr'>se</span> <span class='ocrx_word' id='word_1_247' title='bbox 984 3873 1053 3946; x_wconf 78' lang='lat' dir='ltr'>iere</span> <span class='ocrx_word' id='word_1_248' title='bbox 1079 3875 1166 3946; x_wconf 86' lang='lat' dir='ltr'>nihil</span> <span class='ocrx_word' id='word_1_249' title='bbox 1191 3877 1314 3950; x_wconf 87' lang='lat' dir='ltr'>habere</span> <span class='ocrx_word' id='word_1_250' title='bbox 1345 3879 1533 3969; x_wconf 87' lang='lat' dir='ltr'>putabant,</span> <span class='ocrx_word' id='word_1_251' title='bbox 1557 3855 1650 3970; x_wconf 64' lang='lat' dir='ltr'>duod</span> <span class='ocrx_word' id='word_1_252' title='bbox 1674 3877 1716 3948; x_wconf 91' lang='lat' dir='ltr'>de</span> <span class='ocrx_word' id='word_1_253' title='bbox 1747 3865 1931 3946; x_wconf 77' lang='lat' dir='ltr'>existima-</span> 
     </span>
     <span class='ocr_line' id='line_1_29' title="bbox 595 3991 1932 4092; baseline 0.004 -31"><span class='ocrx_word' id='word_1_254' title='bbox 595 3991 690 4063; x_wconf 84' lang='lat' dir='ltr'>tione</span> <span class='ocrx_word' id='word_1_255' title='bbox 715 3995 916 4084; x_wconf 87' lang='lat' dir='ltr'>perderent.</span> <span class='ocrx_word' id='word_1_256' title='bbox 941 3995 1153 4066; x_wconf 87' lang='lat' dir='ltr'>Mentionem</span> <span class='ocrx_word' id='word_1_257' title='bbox 1178 3997 1258 4068; x_wconf 83' lang='lat' dir='ltr'>fecit</span> <span class='ocrx_word' id='word_1_258' title='bbox 1282 4000 1440 4071; x_wconf 88' lang='lat' dir='ltr'>Grassius</span> <span class='ocrx_word' id='word_1_259' title='bbox 1477 3997 1650 4092; x_wconf 82' lang='lat' dir='ltr'>cujusdam</span> <span class='ocrx_word' id='word_1_260' title='bbox 1689 3995 1820 4067; x_wconf 80' lang='lat' dir='ltr'>Fratris</span> <span class='ocrx_word' id='word_1_261' title='bbox 1844 3993 1932 4066; x_wconf 81' lang='lat' dir='ltr'>Ber·</span> 
     </span>
     <span class='ocr_line' id='line_1_30' title="bbox 593 4112 1929 4210; baseline 0.002 -28"><span class='ocrx_word' id='word_1_262' title='bbox 593 4113 695 4186; x_wconf 72' lang='lat' dir='ltr'>nardi</span> <span class='ocrx_word' id='word_1_263' title='bbox 718 4112 975 4197; x_wconf 64' lang='lat' dir='ltr'>Mutudurum,</span> <span class='ocrx_word' id='word_1_264' title='bbox 1009 4119 1043 4188; x_wconf 74' lang='lat' dir='ltr'>a&lt;</span> <span class='ocrx_word' id='word_1_265' title='bbox 1081 4115 1217 4188; x_wconf 82' lang='lat' dir='ltr'>loannis</span> <span class='ocrx_word' id='word_1_266' title='bbox 1256 4119 1429 4189; x_wconf 86' lang='lat' dir='ltr'>Francisci</span> <span class='ocrx_word' id='word_1_267' title='bbox 1471 4119 1609 4210; x_wconf 72' lang='lat' dir='ltr'>Poggb,</span> <span class='ocrx_word' id='word_1_268' title='bbox 1646 4117 1809 4188; x_wconf 85' lang='lat' dir='ltr'>Historici</span> <span class='ocrx_word' id='word_1_269' title='bbox 1842 4115 1929 4202; x_wconf 85' lang='lat' dir='ltr'>filii,</span> 
     </span>
     <span class='ocr_line' id='line_1_31' title="bbox 597 4235 1932 4326; baseline 0.003 -24"><span class='ocrx_word' id='word_1_270' title='bbox 597 4255 741 4324; x_wconf 75' lang='lat' dir='ltr'>quorum</span> <span class='ocrx_word' id='word_1_271' title='bbox 766 4235 908 4310; x_wconf 87' lang='lat' dir='ltr'>alterum</span> <span class='ocrx_word' id='word_1_272' title='bbox 930 4237 1200 4322; x_wconf 75' lang='lat' dir='ltr'>senti-scurram,</span> <span class='ocrx_word' id='word_1_273' title='bbox 1225 4239 1366 4310; x_wconf 89' lang='lat' dir='ltr'>alterum</span> <span class='ocrx_word' id='word_1_274' title='bbox 1389 4237 1601 4326; x_wconf 79' lang='lat' dir='ltr'>joculatorem</span> <span class='ocrx_word' id='word_1_275' title='bbox 1625 4239 1796 4308; x_wconf 87' lang='lat' dir='ltr'>nominat.</span> <span class='ocrx_word' id='word_1_276' title='bbox 1821 4237 1932 4306; x_wconf 87' lang='lat' dir='ltr'>Erant</span> 
     </span>
     <span class='ocr_line' id='line_1_32' title="bbox 511 4353 1930 4449; baseline 0.002 -30"><span class='ocrx_word' id='word_1_277' title='bbox 511 4367 513 4372; x_wconf 79' lang='grc'>’</span> <span class='ocrx_word' id='word_1_278' title='bbox 596 4356 628 4419; x_wconf 69' lang='grc' dir='ltr'>δι</span> <span class='ocrx_word' id='word_1_279' title='bbox 653 4353 739 4435; x_wconf 82' lang='lat' dir='ltr'>alii,</span> <span class='ocrx_word' id='word_1_280' title='bbox 764 4377 849 4448; x_wconf 91' lang='lat' dir='ltr'>quos</span> <span class='ocrx_word' id='word_1_281' title='bbox 874 4357 991 4428; x_wconf 88' lang='lat' dir='ltr'>mimos</span> <span class='ocrx_word' id='word_1_282' title='bbox 1017 4362 1051 4428; x_wconf 80' lang='grc' dir='ltr'>δι</span> <span class='ocrx_word' id='word_1_283' title='bbox 1068 4356 1249 4449; x_wconf 87' lang='lat' dir='ltr'>ethologos</span> <span class='ocrx_word' id='word_1_284' title='bbox 1274 4357 1497 4448; x_wconf 78' lang='lat' dir='ltr'>appellasses.</span> <span class='ocrx_word' id='word_1_285' title='bbox 1521 4381 1583 4430; x_wconf 87' lang='lat' dir='ltr'>nec</span> <span class='ocrx_word' id='word_1_286' title='bbox 1602 4360 1743 4430; x_wconf 84' lang='lat' dir='ltr'>deerant</span> <span class='ocrx_word' id='word_1_287' title='bbox 1765 4354 1930 4448; x_wconf 77' lang='lat' dir='ltr'>parasiti,</span> 
     </span>
     <span class='ocr_line' id='line_1_33' title="bbox 592 4472 1935 4572; baseline 0.002 -24"><span class='ocrx_word' id='word_1_288' title='bbox 592 4472 916 4568; x_wconf 70' lang='lat' dir='ltr'>„celebrabanturque</span> <span class='ocrx_word' id='word_1_289' title='bbox 940 4475 1085 4552; x_wconf 86' lang='lat' dir='ltr'>maxime</span> <span class='ocrx_word' id='word_1_290' title='bbox 1110 4502 1130 4555; x_wconf 84' lang='lat' dir='ltr'>a</span> <span class='ocrx_word' id='word_1_291' title='bbox 1156 4476 1256 4572; x_wconf 81' lang='lat' dir='ltr'>gulae</span> <span class='ocrx_word' id='word_1_292' title='bbox 1279 4477 1541 4572; x_wconf 84' lang='lat' dir='ltr'>intemperantia</span> <span class='ocrx_word' id='word_1_293' title='bbox 1564 4481 1680 4556; x_wconf 87' lang='lat' dir='ltr'>Morus</span> <span class='ocrx_word' id='word_1_294' title='bbox 1714 4477 1876 4572; x_wconf 76' lang='lat' dir='ltr'>quidam,</span> <span class='ocrx_word' id='word_1_295' title='bbox 1897 4480 1935 4552; x_wconf 72' lang='lat' dir='ltr'>&amp;s</span> 
     </span>
    </p>
   </div>
   <div class='ocr_carea' id='block_1_2' title="bbox 0 0 2201 5828">
    <p class='ocr_par' dir='ltr' id='par_1_3' title="bbox 0 0 2201 5828">
     <span class='ocr_line' id='line_1_34' title="bbox 0 0 2201 5828; baseline 0 0"><span class='ocrx_word' id='word_1_296' title='bbox 0 0 2201 5828; x_wconf 95' lang='lat' dir='ltr'> </span> 
     </span>
    </p>
   </div>
  </div>
 </body>
</html>
