4386 5838
723 688 753 752 V
842 675 863 758 '1
962 671 1006 760 T'
1076 665 1120 756 'A
1150 663 1161 680 ’
1489 657 1569 773 ἰογ

282 804 377 882 duxit
404 808 559 879 nationes
586 803 783 895 sejungere,
810 808 998 899 exquibus
1030 781 1239 877 Pontificius
1267 782 1434 876 exercitus
1472 825 1618 876 cousta-

283 931 369 1012 bat,
392 935 426 1000 bt
447 931 495 1000 itt
519 927 723 1016 disponere,
750 947 788 995 ut
815 927 1009 1010 Pisaurum,
1040 929 1072 995 ὃι
1098 921 1247 999 vicinum
1273 946 1439 1007 montem,
1461 927 1520 1016 qui
1542 927 1619 996 riri·

281 1053 408 1120 minum
433 1037 648 1140 prospec‘la't,
673 1049 705 1112 dt
742 1047 923 1136 Imperialis
958 1047 1103 1130 dicitur,
1140 1067 1372 1135 occuparent.
1412 1044 1615 1116 Franciscus

284 1169 414 1250 Maria,
435 1169 531 1259 quod
558 1170 717 1237 adversus
741 1187 871 1237 tantam
898 1168 1145 1238 multitudinem
1174 1165 1290 1256 praelii
1327 1164 1498 1234 fortuitam
1524 1164 1615 1234 haud

289 1287 480 1360 tentandam
506 1310 580 1357 esse
607 1288 777 1370 ducebat,
800 1289 867 1357 suis
894 1312 930 1359 se
956 1289 1011 1358 diu
1035 1289 1204 1357 continuit
1230 1287 1373 1370 castris,
1400 1305 1498 1374 atque
1525 1285 1618 1386 inte-

288 1431 347 1478 rea
368 1408 436 1497 egit
461 1431 538 1482 curn
564 1407 748 1496 Hispanis,
774 1407 833 1499 qui
860 1405 1011 1478 Pontifici
1036 1407 1250 1488 militabant,
1277 1425 1315 1476 ut
1342 1406 1383 1474 ad
1413 1393 1454 1472 'se
1487 1401 1618 1478 transi-

279 1549 355 1600 rent
378 1577 386 1596 .
410 1533 527 1618 ltaque
553 1549 629 1597 cum
655 1527 696 1598 ad
721 1551 837 1598 eorum
862 1547 998 1612 castra,
1025 1553 1112 1618 quae
1140 1551 1236 1600 erant
1262 1529 1296 1598 itt
1323 1547 1454 1597 summo
1481 1545 1616 1602 monte,

280 1643 388 1736 prima
413 1648 489 1719 luce
516 1649 741 1734 accessisset,
764 1649 881 1736 paucis
907 1654 941 1718 bt
967 1648 1108 1719 ducibus
1136 1647 1218 1735 ipsis
1245 1647 1418 1734 exceptis,
1446 1669 1562 1720 omnes
1578 1649 1618 1718 il-

284 1767 348 1838 lius
374 1770 471 1860 signa
496 1770 670 1839 subsecuti
696 1787 796 1838 suut.
827 1773 915 1838 Tum
940 1769 1363 1840 audadler'Germanorum
1382 1791 1512 1852 castra,
1531 1796 1628 1861 quae,

280 1907 379 1958 erant
404 1889 438 1957 in
465 1886 572 1958 medio
588 1905 703 1956 monte
724 1889 861 1958 adortus
887 1905 965 1973 est,
992 1907 1092 1978 atque
1119 1889 1296 1978 inopinata
1312 1914 1346 1959 re
1372 1885 1543 1977 perterriti
1559 1891 1618 1958 mi·

279 2007 371 2078 nime
396 2007 507 2078 locum
531 2024 738 2088 terruerunt,
763 2007 945 2100 multisque
971 2031 1109 2080 suorum
1131 2009 1262 2080 amissis
1286 1987 1321 2078 iti
1347 2013 1531 2078 Corsorum
1555 2031 1617 2077 ca-

282 2145 376 2212 stra,
414 2151 502 2220 quae
540 2147 637 2198 erant
676 2129 784 2216 posita
821 2129 862 2198 ad
893 2128 1015 2197 montis
1047 2127 1178 2197 radices
1200 2151 1288 2211 ,se
1323 2152 1359 2199 se
1395 2145 1616 2215 receperunt.

284 2251 353 2318 llos
389 2249 421 2314 ἃ
447 2267 540 2339 terga
573 2265 729 2332 vertere,
755 2249 984 2318 &Pisaurum
1009 2229 1541 2339 confugerecoegit.Successu
1567 2272 1621 2317 re·

281 2391 357 2440 rum
373 2368 518 2440 ferocior
535 2365 708 2452 (Martem
733 2371 861 2459 spirare
886 2370 1053 2456 dixisses)
1080 2369 1265 2439 exercitum
1291 2345 1558 2440 inter-'urbinum
1583 2371 1618 2437 sc

284 2491 458 2562 Pisaurum
483 2491 671 2583 disposuit,
696 2495 729 2563 bt
755 2475 912 2584 quotidie
934 2467 1143 2581 augebantur
1168 2487 1216 2560 illi
1236 2491 1353 2579 copiae
1389 2509 1526 2580 propter
1562 2487 1621 2558 de·

283 2605 446 2682 ferriones
471 2614 739 2695 Germanorum,
764 2635 853 2705 quos
885 2635 995 2702 neque
1029 2634 1146 2701 preces
1177 2609 1327 2694 ducum,
1353 2631 1463 2700 neque
1501 2603 1618 2677 oblata

284 2731 432 2818 praemia
458 2731 636 2803 continere
662 2731 864 2804 valuerunt.
897 2731 1078 2802 Exercitus
1108 2728 1277 2800 Pontificis
1317 2729 1470 2800 omnium
1504 2749 1617 2797 rerum

283 2850 480 2923 abundabat
513 2851 636 2938 copia:
657 2850 802 2921 'multum
827 2853 898 2920 erat
921 2827 1324 2948 frumentumprovisum
1349 2853 1383 2922 dt
1418 2841 1618 2918 consenum

281 2969 520 3062 superioribus
547 2967 775 3058 temporibus,
802 2949 943 3036 multum
968 2987 1010 3034 err
1035 2961 1159 3038 vicinis
1196 2965 1388 3068 previnciis
1417 2985 1616 3058 comporta·
1681 3049 1685 3056 Ι

283 3087 411 3173 batur,
437 3107 559 3180 magua
584 3085 684 3174 copia
708 3082 823 3173 pabuli
848 3083 1075 3174 suppetebat,
1101 3107 1163 3156 nec
1189 3083 1305 3158 deerat
1330 3085 1477 3190 pecunia
1494 3083 1536 3158 ad
1554 3086 1620 3156 sti·

282 3205 412 3300 pendia
435 3206 529 3299 large
550 3205 792 3279 ‘solvendae
830 3193 1003 3278 contrario
1042 3207 1197 3297 omnibus
1238 3207 1293 3278 his
1318 3207 1413 3278 rebus
1443 3203 1621 3278 laborabat

286 3327 488 3396 Francisctts
524 3326 660 3412 Maria,
685 3313 745 3399 sed
765 3309 861 3396 tanta
885 3343 958 3396 erat
982 3326 1099 3414 opinio
1134 3325 1250 3410 illius,
1292 3349 1369 3398 cum
1403 3351 1473 3398 non
1505 3329 1618 3398 minus

285 3447 330 3518 sit
354 3441 568 3536 imperatoris
594 3437 737 3516 consilio
762 3451 796 3519 bt
820 3447 1020 3538 prudentia,
1043 3471 1144 3539 quam
1167 3445 1280 3538 gladio
1301 3471 1486 3537 superare,
1511 3464 1550 3516 ut
1576 3441 1619 3516 ad

287 3583 415 3638 certam
444 3564 624 3640 victoriam
650 3589 685 3636 ss
710 3569 767 3640 ire¹
783 3581 943 3658 putarent
971 3568 1015 3654 ii,
1039 3567 1098 3660 qui
1134 3565 1226 3638 illius
1269 3565 1399 3638 vexilla*
1430 3567 1620 3657 sequeban-

287 3701 370 3756 tur.
394 3685 457 3758 Vel
482 3683 560 3757 itali
582 3686 730 3777 milites,
748 3691 806 3789 qui
828 3709 926 3760 erant
946 3689 994 3760 in·
1010 3673 1164 3760 exercitu
1185 3667 1382 3798 Pontificis,
1416 3663 1623 3772 ¹tumultuari¹

289 3823 490 3896 coeperant,
510 3829 574 3880 nec
598 3807 670 3880 sine
694 3827 816 3903 magna
840 3811 877 3884 vi
902 3809 1064 3900 pecuniae
1090 3807 1118 3878 ii
1155 3809 1293 3880 retineri
1329 3825 1546 3896 potuerunt.
1580 3809 1620 3875 In

291 3925 343 3996 iris
371 3950 482 4004 rentm
509 3927 749 4022 asperitatibus
773 3947 818 4007 ue
857 3921 1033 4020 praesenti
1058 3927 1147 4006 malo
1187 3929 1251 4002 alia
1277 3927 1364 4000 mala
1398 3927 1621 4014 adderentur,

288 4045 455 4138 Legatus‚
481 4043 636 4120 Ursinius
661 4049 966 4144 Archiepiscopus,
986 4037 1179 4143 ceterique,
1203 4051 1261 4142 qui
1284 4049 1320 4119 in
1356 4049 1509 4119 exercitu
1547 4069 1623 4116 ma-

289 4187 390 4256 guam
415 4166 650 4250 auderitatem
674 4170 864 4258 habebant,
891 4169 1003 4241 minus
1030 4169 1177 4244 fortasse
1202 4171 1298 4242 fidele
1325 4169 1503 4242 consilium
1534 4171 1624 4238 Pon·

196 4363 202 4374 ‚
289 4285 374 4360 cilici
397 4287 583 4375 dederunt,
609 4309 649 4361 ut
667 4289 868 4368 'bentivolos
891 4291 1079 4373 Bononiam
1103 4274 1519 4380 reuocarer',·eorttmque
1544 4286 1630 4386 sub3
1671 4341 1675 4348 .

291 4405 382 4490 sidiis
412 4429 552 4500 accepta
576 4405 779 4483 detrimenta
798 4411 961 4484 sarciret.
995 4411 1035 4483 id
1072 4391 1302 4504 indignissime
1328 4411 1407 4484 tulit
1432 4415 1525 4494 Leo,
1545 4407 1622 4500 gra}

291 4529 501 4623 tusimsque
524 4531 638 4606 verbis
671 4531 885 4630 reprehendit
908 4533 1106 4620 Ursiniurn,
1134 4555 1234 4630 quern
1267 4531 1356 4610 illius
1395 4527 1529 4608 consilii
1562 4549 1624 4603 atr·

971 4652 1004 4724 0
1030 4677 1052 4730 a
