4372 5842
696 660 727 724 V
825 663 839 730 1
939 660 969 730 T
1070 660 1101 725 Α
1345 631 1349 637 ’
1497 671 1560 746 ¹95

289 773 516 867 familiamque
532 799 625 848 suam
654 777 943 860 benevolentiam,
965 778 1059 869 cujus
1085 798 1154 848 non
1180 771 1348 844 mediocre
1370 769 1530 842 iudicium
1554 770 1618 839 de·-

285 895 336 966 dit
359 943 372 978 ,
397 919 474 966 cum
499 895 708 967 nobilissima
732 896 849 966 Italica
873 898 937 968 ode
963 899 1004 970 ad
1029 894 1241 967 Philiberranr
1278 889 1463 964 Sabaudam
1496 886 1617 961 Iuliani

284 1017 425 1087 Medicei
450 1038 591 1086 uxorem
616 1015 764 1107 ejusdem
786 1015 940 1087 dolorem
964 1018 1008 1086 ob
1033 1015 1098 1088 viri
1125 1011 1290 1086 carissimi
1317 1031 1458 1083 mortem
1483 1008 1613 1082 solatus
1680 1006 1684 1014 '

289 1154 379 1206 esset
404 1186 414 1205 .
438 1137 529 1208 Idem
562 1136 705 1227 quadam
731 1137 764 1204 in
790 1153 907 1219 satyra
932 1153 1068 1220 narrat,
1104 1157 1205 1225 quarn
1230 1133 1336 1202 amice
1361 1137 1394 1204 dc
1420 1150 1559 1220 paterne
1596 1148 1617 1194 a

287 1253 454 1330 Pontifice
483 1273 640 1344 acceptus
666 1255 769 1328 fuerit
786 1279 879 1342 ,cunr
902 1255 1043 1346 primum
1060 1253 1112 1323 ad
1138 1248 1228 1320 illum
1251 1249 1347 1320 venit
1370 1244 1482 1337 (ros)
1500 1299 1509 1331 ,
1525 1267 1612 1337 quae

283 1368 375 1442 dona
398 1373 551 1445 habuerit
575 1425 585 1458 ,
612 1379 646 1446 δι
671 1397 776 1467 quare
801 1373 960 1464 abjecerit
985 1372 1162 1444 consilium
1188 1393 1333 1452 eorum,
1356 1393 1376 1440 a
1401 1367 1525 1458 quibus
1552 1365 1616 1434 ad-

283 1490 470 1564 ducebatur
497 1493 532 1564 iu
557 1515 650 1584 spem
675 1497 802 1584 majora
826 1494 1027 1577 obtinendi,
1052 1495 1084 1566 si
1107 1493 1319 1564 fortunarum
1345 1510 1480 1560 suarum
1505 1487 1617 1557 sedern

280 1592 408 1680 Rornae
434 1611 637 1686 collocasset
663 1665 672 1685 .
694 1614 787 1687 Nihil
812 1614 989 1686 venustius
1016 1610 1187 1704 apologo,
1224 1634 1292 1702 quo
1318 1632 1354 1680 se
1380 1627 1439 1679 aut
1485 1604 1614 1689 nulla,

283 1747 341 1799 aut
365 1751 575 1824 nonmagna
601 1758 658 1824 spe
678 1758 752 1806 esse
777 1733 993 1819 declaravit,
1020 1757 1119 1824 quent
1145 1733 1322 1806 confic‘lum
1350 1754 1369 1800 a
1393 1732 1496 1799 Poeta
1531 1727 1619 1798 arbi·

282 1867 388 1936 tror,
424 1869 462 1920 ut
488 1850 524 1920 in
549 1875 591 1922 eo
611 1877 803 1942 expressam
838 1855 1018 1947 imaginem
1044 1853 1171 1947 ingenii
1194 1851 1370 1923 Pontificis
1397 1850 1537 1920 nimium
1578 1847 1614 1918 in

282 1987 363 2038 suos
389 1969 535 2040 liberalis
563 1971 792 2044 intueremur.
809 1975 915 2044 Porro
936 1977 993 2064 qui
1017 1971 1072 2046 vel
1098 1972 1313 2046 sedulitatem
1330 1993 1399 2043 non
1423 1971 1520 2039 unius
1537 1964 1614 2036 mali

282 2097 404 2174 poetae
427 2090 527 2160 duxit
555 2091 670 2184 aliquo
696 2109 807 2162 tamen
831 2069 986 2198 praemio
1003 2093 1160 2185 dignam,
1187 2117 1246 2165 cur
1267 2092 1369 2183 hujus
1394 2087 1564 2178 ingenium
1579 2091 1613 2157 δι

277 2205 456 2294 virtutem,
473 2229 575 2301 atque
591 2209 625 2280 in
645 2212 824 2284 scribendo
842 2212 972 2301 copiam
997 2189 1134 2301 prorsus
1171 2215 1287 2286 miram
1309 2234 1378 2280 non
1397 2206 1617 2295 expetivisset

283 2341 386 2415 atque
411 2325 645 2402 honorasset?
679 2331 770 2422 Quid
795 2307 1174 2438 nonpribuit'Antonio
1199 2328 1393 2402 Thebaldeo
1418 2323 1614 2396 Ferrarien·

279 2441 331 2530 si,
357 2450 391 2517 tc
417 2448 607 2538 Augustino
626 2449 790 2526 beatiano
816 2451 1032 2563 Tarvisgnp,
1048 2451 1205 2542 quamvis
1229 2449 1362 2521 illorum
1388 2439 1614 2524 carmina(de

274 2563 404 2634 rtalicis
428 2566 587 2658 loquor,
612 2568 747 2646 minime
772 2588 884 2657 autem
909 2567 1151 2686 ἀεὲῑιιιίιιιε,
1142 2594 1178 2640 ιιι
1202 2569 1323 2664 quibus
1347 2565 1516 2638 faciliores
1533 2565 1613 2633 Mu·

282 2705 337 2752 sas
362 2687 492 2774 experti
518 2705 597 2758 suar
623 2688 641 2773 )
665 2688 788 2758 durum
813 2641 943 2811 ‘limi
941 2663 973 2758 rit
998 2691 1188 2762 sonarent?
1213 2690 1307 2782 Quid
1331 2710 1401 2757 non
1424 2681 1614 2754 Pisaurensi

275 2801 487 2888 Posrhurno,
512 2803 590 2876 licet
615 2806 728 2894 poesis
752 2803 852 2887 laude
878 2787 994 2904 mdltis
1030 2829 1119 2880 esset
1155 2807 1296 2879 inferior
1330 2801 1464 2890 (196).ὶ
1501 2803 1612 2891 Quam

279 2943 378 3010 saepe
403 2923 505 2994 dabat
531 2946 631 2996 aures
658 2943 717 2996 aut
742 2926 839 2998 Remi
863 2893 1013 3014 lilibus,
1039 2949 1137 3016 quem
1160 2927 1317 3019 juvenem
1343 2922 1521 3002 admodum
1541 2923 1612 2990 Do·

275 3042 382 3112 vitius
405 3042 633 3114 cardinalis
624 3067 660 3113 ιιι
685 3043 798 3114 aulam
824 3069 920 3116 suam
944 3045 1100 3134 recepit,
1121 3045 1275 3138 cuique
1271 3047 1438 3116 neminem
1476 3044 1510 3116 in
1545 3042 1612 3115 hoc

276 3161 391 3248 poesis
417 3185 539 3254 genere
571 3167 637 3236 Leo
662 3165 898 3258 praeferebat,
922 3181 983 3236 aut
1020 3163 1137 3252 lyricis
1165 3165 1367 3235 carminibus
1400 3167 1446 3236 Jo.
1483 3159 1610 3232 Hiero·

275 3281 367 3367 nymi
386 3281 429 3351 de
450 3281 575 3352 Rubeis
602 3285 805 3367 Parmensis,
829 3308 927 3376 quem
952 3286 1012 3356 diti
1038 3285 1228 3356 sacerdotio
1244 3285 1401 3378 ,aliisque
1424 3283 1609 3378 honoribus

271 3397 477 3486 decoravit,
501 3421 561 3472 aut
588 3403 761 3474 amatoriis
788 3405 962 3476 lirancisci
987 3393 1113 3478 Mariae
1144 3405 1299 3492 Molsae,
1333 3427 1432 3498 quem
1457 3402 1607 3474 omniunt

270 3517 560 3611 elegantissimum
586 3540 745 3610 poetam,
772 3521 847 3594 sive
869 3527 1037 3608 Etrusca,
1063 3525 1136 3598 sive
1175 3525 1319 3609 Latina,
1354 3526 1429 3594 sive
1464 3523 1605 3618 gravia,

272 3637 346 3708 sive
371 3635 499 3710 ludicra
523 3640 673 3712 carmina
698 3663 876 3734 pangeret,
901 3642 991 3715 illam
1016 3643 1135 3717 tulisse
1162 3664 1306 3716 aetatem
1330 3647 1469 3724 affirmat
1495 3644 1605 3718 Lucas

194 3809 198 3818 .
277 3755 444 3828 Contilisl
471 3763 633 3851 Capuano
657 3760 849 3832 sacerdotio
874 3761 956 3849 (illo
981 3766 1114 3857 quidem
1137 3789 1207 3838 non
1224 3765 1402 3838 admodum
1416 3762 1511 3854 diti)
1536 3763 1608 3833 An·

268 3872 386 3946 dream
412 3882 732 3970 Maronemauxit,
758 3887 853 3976 cujus
879 3883 1078 3959 facilitatem
1103 3885 1328 3964 admirabatur
1362 3883 1396 3954 in
1424 3878 1605 3955 fundendis

265 4019 310 4069 ex
347 4017 496 4089 tempore
521 4003 649 4072 Latinis
675 4005 849 4091 versibus,
875 4007 910 4077 in
936 4009 1058 4099 quibus
1079 4007 1150 4078 sive
1169 4005 1325 4098 elegum,
1352 4003 1426 4072 sive
1460 3999 1599 4088 phaleu-

268 4113 383 4198 cium,
410 4121 481 4190 sive
508 4123 726 4212 sapphicum,
753 4125 827 4196 sive
863 4123 1184 4214 hendecasyllabum
1210 4123 1253 4193 ad
1277 4141 1411 4192 omnem
1436 4119 1603 4206 discepta-

266 4235 392 4310 tionem
417 4241 641 4330 deposceret,
667 4241 751 4312 nihil
776 4263 849 4316 erat
874 4243 1078 4326 absurdum,
1106 4243 1207 4319 inane
1231 4247 1264 4313 dc
1288 4237 1458 4325 hiulcum,
1496 4261 1534 4309 ut
1558 4239 1602 4316 de

257 4377 308 4430 eo
331 4383 402 4439 non
428 4360 601 4436 immerito·
617 4363 778 4438 cecinerit
804 4361 1030 4444 Valerianus,
1054 4383 1249 4459 quanquam
1274 4358 1372 4434 aliter
1396 4358 1523 4434 sentire
1548 4358 1600 4435 vi·
1639 4463 1642 4468 Ι

896 4481 967 4554 Bb
991 4503 1013 4556 a
1047 4535 1051 4546 -
