4472 5828
655 635 698 738 58
1043 637 1069 702 L
1117 636 1144 703 E
1193 633 1224 700 Ο
1272 634 1338 700 Ν·
1352 629 1366 694 l
1415 629 1437 694 S
1509 615 1549 686 X.

696 761 821 848 Neque
844 757 898 826 bis
924 755 1034 824 solum
1059 751 1285 824 nominibus
1278 771 1349 838 rpse
1376 733 1698 815 commendabatur,
1736 722 1798 794 sed
1832 718 1935 792 etiam
2029 798 2033 804 ,

603 877 853 968 magnificentia
877 875 1049 966 epularum
1076 877 1107 940 δι
1133 872 1379 949 venationum,
1395 865 1562 933 donorum
1574 855 1735 944 largrtate
1759 848 1791 910 &
1814 842 1913 934 copia
1927 889 1939 927 ,

602 1001 634 1063 ἃ
667 995 797 1068 deledlu
824 995 1035 1078 familiae,'
1028 1019 1062 1066 ιιι
1090 1008 1280 1086 quaerant
1311 984 1465 1055 homines
1491 969 1754 1064 litteratissimi,
1790 981 1941 1052 anagno-

598 1139 676 1191 stae
707 1119 852 1207 optimi,
874 1115 1010 1210 plurimi
1039 1112 1251 1194 librarii,&
1220 1106 1455 1178 aurifices.
1481 1120 1567 1191 quos
1594 1091 1706 1192 cultus
1733 1082 1938 1158 domesticus

603 1240 795 1321 desiderat,
821 1238 971 1327 apprime
995 1233 1096 1306 boni.
1125 1235 1243 1322 Neque
1268 1251 1418 1352 unquam
1448 1226 1524 1306 sine
1551 1185 1660 1308 aliqua
1685 1205 1834 1280 ledlione
1851 1200 1940 1290 apud

605 1381 682 1426 enm
707 1378 888 1428 coenatum
924 1375 1002 1438 est,
1028 1374 1066 1426 ut
1092 1377 1161 1424 non
1188 1353 1297 1422 minus
1316 1316 1458 1425 animo,
1487 1362 1586 1432 quarn
1609 1351 1732 1405 ventre
1769 1326 1941 1397 convivae

602 1477 883 1550 deledlarenttrr.
918 1479 1071 1566 Namque
1106 1489 1166 1541 eos
1197 1471 1368 1548 vocabat,
1390 1487 1534 1580 quorum
1559 1478 1668 1529 mores
1706 1477 1725 1522 a
1762 1449 1830 1519 suis
1867 1464 1941 1538 non

595 1597 848 1687 abhorrerent.
873 1597 1021 1665 Omnino
1049 1592 1147 1674 talis,
1173 1589 1305 1683 qualem
1326 1610 1362 1656 se
1379 1587 1451 1674 ipse
1469 1580 1629 1670 optabat,
1657 1573 1761 1644 videri
1784 1565 1943 1666 volebat,

600 1719 703 1808 idque
729 1715 801 1784 fieri
826 1717 917 1785 vitae
943 1716 1104 1806 dignitate
1124 1715 1160 1778 δι
1190 1709 1393 1802 splendore,
1415 1703 1638 1784 liberalitate,
1665 1695 1852 1781 ceterisque
1869 1708 1943 1756 nro·

600 1837 678 1920 dis,
705 1834 828 1924 quibus
854 1851 1035 1921 captantur
1058 1831 1236 1900 vhominum
1264 1823 1648 1913 animi,‘intelligebat.
1674 1814 1813 1910 Minime
1851 1829 1945 1878 rece·

601 1951 700 2025 debat
732 1979 751 2023 a
780 1950 1058 2042 magnificentia,
1082 1949 1137 2020 vel
1161 1949 1298 2041 quando
1324 1947 1439 2018 deerat
1464 1941 1610 2034 pecunia
1628 1940 1677 2012 ad
1702 1954 1817 2004 tantos
1843 1947 1942 1997 sum-

600 2095 681 2163 ptus
706 2071 904 2156 faciendos,
930 2095 1006 2140 cum
1032 2093 1206 2161 nunquam
1230 2070 1260 2138 ei
1282 2086 1421 2157 praesto
1461 2089 1531 2136 non
1567 2061 1673 2132 fuerit
1706 2056 1869 2132 fortuna,
1904 2065 1943 2116 ut

601 2193 772 2270 lnterdum
808 2191 944 2284 virgula
986 2194 1101 2264 divina
1142 2187 1199 2260 illa
1240 2187 1451 2278 suppeditari
1482 2185 1674 2258 videretur.
1713 2179 1806 2248 Haec
1844 2189 1942 2242 erant

596 2315 726 2404 populo
752 2315 965 2409 gratissima,
988 2315 1069 2386 Urbi
1094 2310 1264 2402 gloriosa,
1299 2307 1494 2380 liberalibus
1535 2304 1664 2376 artibus
1704 2297 1820 2380 utilia,
1842 2293 1942 2363 'haec

599 2437 696 2506 'sama
741 2435 1021 2515 celebrabantur,
1060 2435 1092 2501 δι
1127 2434 1319 2504 litterarum
1354 2426 1584 2498 monumentis
1624 2416 1942 2512 consignabantur,

596 2558 687 2636 baec
722 2555 824 2625 etiam
854 2555 1051 2639 faciebant,
1088 2573 1126 2622 ut
1170 2551 1258 2641 apud
1287 2549 1483 2621 Pontificem
1522 2567 1621 2616 nemo
1660 2556 1751 2611 esset
1788 2533 1846 2603 illo
1886 2534 1942 2611 pel

596 2675 711 2767 gratia
734 2674 941 2765 jucundior,
965 2672 1020 2745 vel
1046 2669 1249 2744 tttdloritate
1270 2655 1436 2761 gravior,
1472 2662 1526 2736 vel
1564 2659 1728 2750 sapientia
1764 2650 1945 2726 admirabi-

594 2789 685 2876 lior,
716 2791 770 2862 vel
800 2793 931 2862 honore
958 2791 1117 2862 clarior.
1143 2793 1363 2884 §ummopere
1400 2806 1537 2878 quoque
1573 2779 1750 2861 studebat,
1782 2792 1821 2842 ut
1855 2771 1942 2841 Flo-

590 2911 759 2997 rentinos,
780 2911 839 3003 qui
851 2913 990 2982 Romam
1005 2903 1246 2994 adventabant,
1262 2929 1378 2978 ornnes
1389 2905 1571 2987 beneficiis,
1593 2925 1633 2970 ac
1657 2892 1856 2967 liberalitate
1872 2891 1938 2962 sibi
1970 2901 1977 2927 ⁸

592 3031 851 3122 obstringeret,
881 3031 917 3099 a
943 3031 973 3099 si
1006 3031 1063 3122 qui
1093 3029 1240 3099 fuissent
1273 3027 1506 3098 Mediceorum
1544 3019 1698 3110 partibus
1735 3015 1847 3086 minus
1886 3013 1943 3082 ad·

594 3149 696 3236 dicti,
728 3150 904 3222 malitiosis
932 3151 1104 3223 blanditiis
1137 3150 1325 3220 officiorum
1356 3145 1449 3234 ipsos
1476 3139 1654 3220 tenebat,
1678 3158 1767 3228 quae
1802 3131 1943 3202 accide-

595 3289 679 3358 runt
705 3271 754 3339 ita
776 3294 963 3358 excusans,
985 3293 1024 3342 ut
1046 3294 1181 3342 omnem
1202 3265 1336 3355 culpam
1356 3265 1392 3334 in
1406 3266 1542 3334 Petrum
1560 3259 1697 3330 fratrem
1710 3277 1813 3344 saepe
1833 3271 1943 3322 trans-

601 3386 728 3462 ferret.
769 3393 844 3460 Non
868 3391 900 3461 ei
926 3414 1008 3462 sane
1030 3389 1117 3462 vitio
1142 3385 1342 3460 vertendum
1367 3403 1442 3465 est,
1467 3381 1559 3475 quod
1588 3377 1763 3450 videretur
1786 3371 1942 3446 laborare

540 3597 542 3602 ,
600 3505 673 3592 non
699 3509 810 3582 solum
836 3535 901 3600 pro
922 3513 1003 3582 viris
1028 3511 1152 3596 bonis,
1178 3509 1236 3579 sed
1261 3505 1363 3578 etiam
1387 3526 1448 3592 pro
1474 3501 1537 3584 iis,
1562 3498 1621 3591 qui
1647 3496 1696 3566 illi
1721 3492 1802 3564 boni
1821 3496 1856 3564 bt
1878 3489 1945 3566 trti-

596 3621 648 3696 les
674 3648 812 3709 essent,
838 3654 925 3720 quae
951 3655 1002 3702 res
1030 3655 1177 3708 amorem
1201 3628 1305 3719 magis
1328 3621 1510 3701 conciliat,
1535 3617 1593 3690 illa
1617 3614 1756 3692 virtutis
1782 3609 1941 3690 defensio

556 3781 561 3786 ·
595 3747 828 3829 ¹charitatem.
854 3750 1017 3820 Etenim
1043 3750 1196 3823 conditio
1221 3747 1401 3819 videbatur
1424 3741 1616 3828 impendere
1643 3757 1857 3824 temporum,
1883 3745 1942 3814 ut,

598 3863 794 3936 multorum
811 3864 952 3940 collecta
976 3868 1242 3950 benevolentia,
1267 3863 1368 3935 facile
1393 3863 1557 3950 potuisset
1583 3857 1742 3930 fortunae
1779 3847 1943 3930 velificari

591 4005 700 4074 2uuae¹
725 3989 889 4076 Magnum
908 3981 1046 4078 quidem
1071 3985 1208 4076 parasse
1234 3985 1307 4054 suis
1332 3981 1519 4052 subsidium
1543 3978 1697 4068 putavit,
1718 3997 1798 4049 cum
1836 3969 1943 4050 clari·

604 4123 676 4169 cem
699 4104 790 4174 Petri
814 4105 918 4193 ipsius
943 4104 1065 4188 filiam,
1092 4129 1178 4197 quae
1203 4107 1330 4174 Romae
1361 4126 1431 4171 una
1470 4124 1549 4170 cum
1586 4095 1797 4186 Alphonsina
1833 4093 1959 4170 matra

603 4217 693 4304 almd
717 4243 753 4283 δε
776 4223 975 4308 habitabat,
992 4227 1121 4314 ,nuptui
1143 4225 1288 4294 dedisset
1313 4221 1466 4311 Philippo
1490 4219 1633 4294 Strotlio
1658 4213 1789 4286 homini
1813 4209 1946 4304 prima-

597 4337 677 4437 Δῑῐῡι
702 4357 800 4426 quem
823 4333 937 4404 orrum
956 4341 1084 4429 familia
1107 4344 1265 4412 Mediceis
1293 4339 1524 4412 infensissima
1549 4338 1704 4427 sperabat
1724 4351 1857 4404 veteres
1889 4327 1944 4400 si·

595 4453 759 4562 ppttpltates
786 4451 1044 4573 depositurum,
1069 4461 1210 4543 lentati
1233 4463 1267 4560 is¹
1287 4460 1444 4570 quidem,
1469 4473 1508 4546 ut
1529 4455 1641 4541 multa
1681 4454 1841 4564 adversus
1880 4469 1945 4549 pt·
