4372 5842
639 662 708 740 ωε
1037 645 1617 762 ιεοκιεπ.μ

590 781 777 878 horumque
801 783 920 858 sedem
937 780 1115 865 restituit,
1139 801 1413 878 potestatemque
1438 783 1517 858 fecit
1542 779 1733 858 destinandi
1767 780 1924 860 homines

591 904 752 994 idoncos,
779 907 836 1000 qui
857 903 990 978 illorum
1014 906 1084 998 agri
1109 905 1528 1008 oppidis'praeficerentur
1553 952 1563 974 .
1603 905 1749 978 Litteras
1786 929 1925 1000 quoque

592 1027 718 1108 areos
741 1027 832 1100 dedit
857 1049 939 1100 sane
961 1023 1343 1112 honorificentissimas,
1379 1027 1516 1118 quando
1550 1028 1743 1098 suburbana
1777 1029 1810 1098 S.
1842 1019 1926 1102 lusti

592 1149 740 1222 Abbatia
763 1147 896 1222 illorum
921 1149 1037 1221 civem*
1055 1149 1200 1221 Marium
1225 1149 1392 1238 Maffejum
1418 1146 1534 1230 auxit,
1565 1147 1687 1239 quibus
1710 1149 1829 1242 litteris
1867 1147 1927 1222 de·

594 1269 744 1342 clarabat
768 1269 854 1342 nihil
878 1270 1069 1368 essequod
1096 1295 1116 1343 a
1139 1293 1176 1341 se
1202 1275 1235 1342 dr
1261 1270 1492 1360 postulare&
1518 1269 1694 1363 expectare
1726 1293 1797 1344 non
1820 1270 1928 1346 debe·

594 1411 691 1466 rent.
716 1393 828 1484 Atque
851 1392 975 1464 hornut
997 1390 1237 1464 betteliciorum
1259 1392 1454 1463 memoriam
1480 1391 1548 1484 ipsi
1576 1410 1693 1465 extare
1717 1393 1929 1481 voluerunt,

595 1535 684 1603 quae
705 1513 834 1603 gratior
855 1527 959 1604 erat„
974 1509 1089 1601 quod,
1116 1531 1193 1580 oum
1216 1511 1370 1584 libertate
1393 1535 1462 1586 non
1488 1509 1709 1600 solum‚‘sed
1730 1511 1834 1586 etiam
1859 1537 1929 1586 om·

595 1631 696 1703 nibus
721 1629 793 1702 fere
821 1629 1028 1700 ornamentis
1054 1654 1074 1700 a
1099 1633 1278 1702 Laurentio
1306 1633 1456 1706 Mediceo
1481 1635 1615 1725 spoliati
1655 1633 1829 1720 fuissent,
1855 1657 1926 1708 non

595 1750 775 1824 videbatur
801 1746 906 1820 fuisse
927 1770 1051 1818 caussa
1074 1747 1159 1820 haec
1183 1751 1411 1839 restituendi,
1436 1755 1505 1828 nisi
1531 1757 1653 1828 fuisset
1689 1755 1819 1846 injusta
1856 1755 1930 1826 eri·

519 1863 522 1868 ’
594 1869 730 1964 piendis
755 1871 832 1938 lios
856 1868 959 1938 etiam
979 1867 1116 1938 nomine
1141 1874 1288 1945 Leonem
1313 1865 1490 1954 laudabis.
1514 1876 1605 1968 quod
1632 1875 1667 1946 in
1692 1873 1848 1948 ornando
1862 1873 1929 1948 sin·

586 1987 767 2090 'gularibus
791 1987 963 2061 beneficiis
989 1991 1133 2084 Madejo
1149 1989 1249 2077 (141)
1275 1992 1408 2064 allorum
1432 2013 1624 2086 temporum
1660 1993 1786 2066 oblitus
1823 1987 1934 2064 videri

598 2113 735 2196 voluit,
759 2112 882 2208 quilups
906 2110 996 2182 illius
1023 2109 1127 2183 frater
1164 2111 1333 2183 Antonius
1363 2137 1440 2184 cnm
1464 2115 1584 2187 Padliis
1600 2113 1778 2206 ,aliisque
1804 2113 1846 2183 de
1875 2111 1934 2184 in-

597 2233 798 2309 terficiendis
824 2232 1006 2306 Laurentio
1049 2231 1147 2322 ipso,
1179 2213 1332 2326 ejusque¹
1360 2231 1464 2306 sra'tre
1505 2233 1636 2307 iuliano
1672 2221 1934 2320 conjuraverat.

595 2355 663 2429 Sua
687 2355 874 2446 praestanti
898 2351 1099 2426 liberalitate
1123 2375 1262 2442 prorsus
1288 2353 1438 2426 devinxit
1462 2355 1530 2428 sibi
1555 2355 1714 2429 Carolum
1747 2353 1935 2426 Sabaudiae

525 2517 529 2524 ·
597 2479 731 2549 Ducem
763 2475 874 2564 (tae)
908 2477 1002 2569 cujus
1040 2495 1163 2566 rogatu
1196 2473 1320 2546 extulit
1357 2475 1399 2547 ad
1434 2457 1758 2568 Archiepiscopatus
1797 2473 1937 2568 gradum

595 2599 842 2672 'taurinensem
867 2594 1075 2673 Ecclesiam,
1100 2614 1161 2667 uec
1186 2595 1315 2668 veritus
1339 2615 1393 2668 est
1416 2649 1426 2682 ‚
1450 2621 1493 2670 ne
1517 2619 1587 2671 noo
1626 2600 1661 2669 in
1698 2595 1755 2670 illa
1794 2595 1941 2688 regenda

526 2755 529 2762 ¹
592 2731 636 2796 'st
660 2721 865 2812 probaturus
887 2717 1042 2788 omnibus
1071 2737 1160 2790 esset
1184 2715 1347 2790 Claudius
1372 2715 1570 2802 Serssellius
1595 2717 1711 2791 multis
1738 2716 1836 2790 editis
1861 2713 1942 2786 scri·

599 2839 684 2933 ptis.
710 2859 855 2933 quorum
878 2857 985 2911 ertum
1010 2839 1051 2910 de
1077 2837 1310 2927 providentia,
1336 2837 1378 2910 de
1402 2860 1518 2930 regum
1549 2837 1738 2932 dignitate,
1762 2842 1796 2908 δι
1818 2837 1861 2907 de
1876 2833 1944 2906 tri·

599 2959 671 3032 bos
686 2959 829 3033 viatoris
855 2960 999 3031 statibus
1026 2959 1129 3030 Leoni
1153 2958 1219 3050 ipsi
1244 2957 1479 3048 nuncupavit,
1504 2977 1587 3030 sane
1621 2955 1856 3030 clarissimus.
1882 2957 1945 3026 ln·

602 3105 743 3162 numera
764 3098 845 3153 sunt
869 3068 1061 3163 beneficia,
1085 3103 1172 3172 quae
1195 3079 1340 3152 contulit
1354 3083 1389 3151 in
1409 3079 1562 3150 Rhodios
1581 3076 1707 3150 milites
1720 3085 1843 3172 ‚quae
1862 3077 1947 3150 dum'

602 3204 815 3299 persequitur
839 3201 972 3273 Blosius
998 3196 1166 3273 Palladius
1191 3200 1227 3272 in
1253 3224 1319 3285 ea,
1344 3220 1445 3294 quant
1468 3200 1553 3274 dixit
1578 3219 1695 3270 coram
1722 3199 1797 3288 ipso
1824 3195 1947 3269 Ponti·

603 3323 689 3409 lice,
713 3323 837 3398 Latina
860 3325 1036 3408 oratione,
1062 3325 1200 3418 quando
1239 3325 1311 3416 eius
1345 3315 1484 3393 militiae
1508 3321 1678 3413 Magister
1703 3317 1879 3408 Philippus
1903 3317 1945 3390 de

603 3442 729 3519 ¹villers
754 3443 924 3535 Lyleadan
947 3444 990 3516 ed
1014 3443 1167 3516 eumdem
1192 3443 1335 3534 Legatos
1351 3463 1434 3514 suos
1460 3445 1572 3530 misit,
1597 3443 1713 3514 omnia
1727 3440 1760 3512 ei
1785 3437 1948 3532 olnequie
1974 3531 1978 3536 Ι
2085 3483 2087 3486 -

607 3557 794 3654 pellicens,
818 3569 851 3636 dr
876 3563 1001 3635 auxilia
1025 3566 1060 3634 in
1085 3565 1215 3636 Turca's
1236 3561 1358 3633 Rhodo
1379 3561 1531 3654 pericula
1547 3563 1724 3633 molientes
1740 3556 1947 3651 implorans,

607 3681 657 3755 ait
680 3683 797 3756 divine
821 3705 959 3755 munere
984 3683 1148 3755 donatum
1173 3680 1223 3752 illi
1247 3679 1390 3755 militiae
1415 3673 1599 3776 patronum
1625 3681 1756 3768 fuisse,
1779 3697 1819 3750 ut
1843 3681 1950 3768 ipsane

498 3855 502 3863 -
610 3822 750 3898 augeret
771 3849 783 3884 ,
804 3785 963 3888 ornaret,
987 3801 1182 3876 defenderet
1208 3823 1309 3896 atque
1333 3788 1550 3896 protegeret.
1579 3799 1669 3876 Cum
1710 3801 1857 3876 residere
1883 3799 1950 3872 ali-

612 3925 707 4017 qnod
731 3919 856 3994 bellum
877 3937 1011 4014 semper
1037 3921 1208 3994 videretur
1233 3921 1327 3994 rems
1350 3919 1397 3996 'ac
1420 3923 1560 3997 sedibus
1585 3920 1847 4006 Genuensium,
1889 3941 1951 3992 nec

495 4101 508 4112 .
611 4043 768 4116 deessent
792 4045 910 4126 cives,
933 4044 993 4135 qui
1018 4043 1202 4137 lacerarent
1236 4041 1329 4113 omni
1350 4043 1480 4116 scelere
1514 4043 1683 4134 patriam,
1714 4061 1775 4112 eos
1799 4029 1952 4142 juvare,

536 4170 539 4178 '
613 4163 757 4234 tueri&
783 4177 985 4237 conservare
999 4165 1204 4257 'megnopere
1228 4161 1385 4246 studuit,
1409 4161 1685 4254 posthabitisque
1709 4160 1855 4254 querelis
1876 4157 1954 4230 Gal·

612 4279 723 4356 lorum
748 4285 868 4374 Regis,
893 4271 1026 4374 'excepit
1051 4296 1169 4356 eorum
1194 4281 1336 4376 legatos
1361 4281 1548 4374 (princepe
1572 4297 1648 4354 erat
1671 4281 1773 4375 hujus
1798 4277 1954 4374 legatio·

615 4402 736 4474 nisio.
762 4403 914 4495 Baptista
940 4405 1082 4476 Latauit
1112 4405 1193 4498 juris
1218 4397 1325 4474 civilis
1351 4395 1504 4476 dodirittt
1528 4401 1638 4477 clarus
1658 4399 1801 4506 homo)
1826 4401 1884 4492 qui
1911 4397 1953 4470 ad

613 4541 655 4600 ss
675 4537 839 4597 venerant
859 4531 1049 4618 rogatum,
1076 4537 1113 4596 ut
1136 4523 1192 4602 vel
1219 4525 1368 4618 honori,
1395 4524 1454 4598 vel
1470 4525 1624 4616 periculo
1651 4523 1799 4600 serviret
1817 4512 1959 4613 Reipu-'
