4472 5828
729 577 761 644 V
859 579 874 647 l
970 574 1003 648 'P
1100 573 1131 647 A
1477 647 1481 654 .
1541 585 1611 662 tt.
1666 640 1671 652 .

308 693 396 766 mins
410 739 423 776 ‚
447 693 604 768 clunibus
631 694 806 782 insidens,
834 701 867 768 dr
892 697 980 768 haec
1008 696 1223 765 oriniacum
1248 690 1352 764 sacris
1378 689 1530 764 vestibus
1567 710 1650 762 auro

308 817 511 907 gemmisque
536 818 723 904 distiudis,
748 818 867 904 vasis,
892 817 1074 903 calicibus,
1099 821 1132 886 δι
1160 813 1274 884 altaris
1301 813 1402 904 pallio
1427 835 1561 882 summo
1595 834 1653 880 at·

310 938 411 1010 tificio
435 939 616 1010 elaboratis
648 939 836 1010 dono‘Rex
861 939 1017 1010 Pontifici
1051 938 1232 1008 mittebat.
1265 937 1345 1006 Erat
1369 954 1506 1026 quoque
1543 913 1653 1002 cadu-

310 1077 428 1130 ceator
451 1061 632 1130 Lusitanus
664 1081 740 1130 cum
770 1060 953 1151 insignibus
990 1059 1133 1151 Regiis,
1159 1056 1220 1148 qui
1246 1055 1381 1148 Legatis
1411 1055 1580 1144 praeibat.
1607 1055 1652 1122 Ut

309 1199 448 1250 ventum
471 1199 524 1249 est
553 1180 595 1248 ad
624 1202 700 1248 eum
724 1178 862 1264 locunt,
887 1181 944 1250 ubi
969 1179 1129 1250 Pontifex
1154 1202 1173 1250 e
1198 1177 1346 1249 fenestra
1370 1177 1460 1248 hauc
1495 1195 1652 1264 pompam

314 1299 509 1388 spectabat,
545 1299 679 1388 elephas
715 1318 766 1370 ter
795 1296 890 1370 flexis
922 1302 1096 1392 genibus,
1130 1307 1163 1374 δι
1192 1301 1339 1374 demisso
1372 1318 1515 1385 corpore
1543 1314 1655 1366 vene·

317 1419 489 1493 tabundus
516 1417 609 1490 illurn
632 1417 818 1506 salutavit,
844 1420 962 1493 deinde
989 1423 1187 1513 proboscide
1208 1424 1244 1494 in
1269 1420 1396 1492 dolium
1421 1420 1540 1510 iugens
1565 1435 1664 1506 aqua.

316 1537 479 1628 repletum
511 1538 683 1628 immissa,
711 1563 832 1632 aquam
856 1541 998 1622 hausit,
1024 1568 1094 1636 qua
1132 1568 1201 1615 non
1235 1541 1347 1614 solum
1383 1539 1656 1609 circumstantem

314 1655 466 1746 plebem,
492 1658 550 1730 sed
575 1661 675 1732 etiam
690 1684 710 1732 e
727 1660 882 1734 fenestris
907 1659 1096 1752 spatiantes
1116 1685 1238 1755 magno
1259 1685 1338 1733 curn
1361 1657 1532 1731 Pontificis
1550 1655 1658 1748 ipsius

311 1779 388 1850 risu
412 1782 577 1872 aspersit.
602 1774 706 1853 Sexto
731 1801 810 1872 post
836 1783 889 1854 die
913 1784 956 1854 ad
979 1808 1055 1854 eum
1080 1785 1196 1875 Legati
1222 1806 1291 1854 non
1316 1781 1439 1854 minori
1459 1802 1537 1850 curn
1561 1797 1658 1866 pom·

312 1920 356 1987 pa
381 1899 513 1972 deducti
538 1898 698 1986 fueruntr
723 1902 863 1976 aderant
887 1903 1105 1991 cardinales,
1130 1904 1335 1984 Antistites,
1358 1899 1549 1989 Principum
1571 1883 1658 1963 Ora·

314 2035 408 2092 tores
436 2021 613 2112 omnisque
635 2021 740 2106 aula3
764 2023 922 2094 Paciecus
943 2021 1208 2112 splendissimam
1226 2023 1418 2096 orationem
1441 2019 1581 2101 habuit,
1601 2007 1665 2108 cui

315 2136 444 2212 Latinis
462 2141 581 2212 uerbis
604 2142 653 2213 ita
678 2141 849 2232 respondit
875 2140 1051 2226 Pontifex,
1084 2163 1125 2214 ut
1152 2143 1201 2214 nil
1225 2143 1298 2216 ficri
1334 2140 1486 2234 potuisse
1521 2133 1659 2224 aptius.

314 2251 361 2324 nil
392 2260 558 2348 gravius,
589 2261 637 2332 nil
661 2262 847 2354 elegantius
874 2285 991 2336 omnes
1020 2264 1265 2356 judicaverint.
1299 2261 1467 2330 Postridie
1486 2251 1601 2346 Legati
1623 2251 1661 2324 in

314 2373 536 2464 viridarium,
565 2383 658 2476 quod
685 2383 812 2474 palatio
839 2383 1031 2480 adjunctum
1061 2403 1143 2470 cst,
1168 2379 1304 2458 admissi
1329 2377 1494 2462 fuerunt.
1531 2394 1602 2468 ‘1¹¹⁰
1624 2372 1662 2448 5⁸

285 2505 287 2510 '
316 2489 394 2566 loco
428 2521 568 2608 munera
595 2500 755 2572 Pontifici
779 2503 997 2587 obtulerunt,
1027 2507 1104 2578 inde
1140 2507 1176 2580 itt
1208 2506 1348 2578 hortum
1386 2497 1565 2582 vicinum,
1601 2489 1661 2596 ubl

315 2633 390 2687 erat
429 2617 566 2708 elephas
597 2625 632 2693 dr
664 2625 854 2713 panthera,
885 2650 972 2718 quae
1003 2628 1039 2698 in
1066 2625 1263 2700 animalibus
1289 2625 1332 2697 ad
1361 2645 1432 2696 rent
1461 2620 1567 2711 ipsam
1591 2634 1660 2706 pa·

316 2735 402 2806 ratis
437 2761 533 2808 suam
563 2744 754 2818 venaticam
783 2746 1019 2818 dexteritatem
1061 2765 1202 2844 experta
1239 2765 1324 2818 est.
1368 2741 1481 2832 Maius
1521 2753 1660 2825 quoque

316 2855 543 2946 spectaculum
571 2859 721 2954 fuisset,
764 2865 830 2940 nisi
862 2865 1059 2944 rhinoceros
1095 2889 1166 2940 non
1196 2863 1309 2938 visum
1346 2860 1382 2934 in
1408 2857 1505 2930 ltalia
1542 2847 1660 2924 multis

315 2970 385 3064 lam
412 2977 555 3062 Saeculls
581 2983 728 3071 animal,
752 3011 853 3072 quern
877 2990 1020 3061 Romam
1042 2988 1277 3061 devehendum
1297 3001 1436 3078 quoque
1457 2979 1532 3049 Rex
1548 2973 1660 3070 jusse-

317 3109 400 3175 rat,
429 3091 471 3164 ad
509 3093 701 3186 Ligusticae
731 3121 812 3174 otae
844 3107 1034 3199 scopulos,
1062 3132 1140 3182 cum
1174 3107 1355 3200 impeditus
1390 3099 1518 3176 catenis
1557 3115 1660 3168 enare

315 3211 521 3305 nequisset,
548 3215 762 3312 naufragium
788 3222 943 3300 fecisset.
968 3231 1021 3304 Ad
1053 3230 1302 3304 testificandum
1341 3243 1475 3321 gratum
1511 3219 1661 3292 animum

316 3354 417 3406 suum
441 3334 511 3406 Leo
540 3338 626 3432 Regi
649 3364 761 3418 rosam
788 3369 923 3422 auream
938 3353 1028 3430 dono
1043 3355 1152 3444 misit,
1177 3355 1274 3448 eique
1291 3348 1457 3426 concessit
1471 3391 1483 3425 2
1496 3357 1537 3416 nt
1551 3332 1663 3431 Equi·

316 3465 392 3524 tum
417 3453 652 3532 lacobensiunt
675 3465 711 3531 δι
742 3468 1017 3540 cisterciensium
1042 3473 1301 3562 Magisterium,
1325 3469 1381 3542 cui
1406 3461 1539 3546 vellet,
1571 3454 1665 3530 assi-

321 3592 467 3662 gnaret,
490 3596 599 3668 utque
631 3579 808 3668 honores,
836 3583 898 3678 qui
923 3584 1036 3658 Beatis
1062 3587 1164 3661 tribui
1196 3589 1329 3671 solent,
1361 3603 1438 3656 tota
1468 3571 1667 3657 Conimbri-

325 3692 425 3762 censi
454 3696 613 3770 Dioecesi
643 3699 852 3778 haberentur
892 3703 1106 3781 Elisabethae
1139 3711 1298 3801 Dionysii
1333 3703 1529 3783 Lusitaniae
1564 3693 1666 3788 Regis

323 3815 456 3902 uxori,
483 3816 629 3892 feminae
653 3820 749 3896 vitae
771 3822 949 3900 sanctitate
963 3830 1086 3902 nemini
1109 3832 1301 3908 secundae.
1322 3828 1447 3900 Eodem
1465 3821 1569 3894 ferme
1584 3833 1667 3883 tcm-

315 3950 402 4022 pore
427 3935 557 4026 septem
581 3939 793 4028 Miserius,
817 3947 876 4042 qui
898 3950 940 4020 ab
976 3951 1108 4044 origine
1141 3951 1264 4028 ultima
1300 3945 1443 4021 familiae
1479 3944 1527 4020 in,
1544 3921 1664 3996 dm

315 4073 381 4142 Pto
407 4057 579 4134 catholica
601 4063 766 4158 religione
789 4087 934 4144 mortem
956 4071 1139 4160 obierant,
1164 4074 1200 4144 in
1222 4057 1411 4158 martyrum
1421 4055 1547 4122 album
1572 4057 1666 4115 'em'

315 4167 380 4248 lit.
407 4179 554 4264 onnia,
591 4207 682 4277 quae
712 4189 880 4278 pertinere
904 4193 947 4264 ad
975 4195 1040 4266 Dei
1059 4192 1325 4271 sanctorumque
1347 4170 1504 4252 cultum,
1542 4168 1577 4238 dr
1619 4157 1667 4234 ad

317 4290 495 4383 prodenda
524 4303 691 4368 virtutum
720 4310 876 4390 exempla
903 4298 1050 4372 illustria
1072 4301 1306 4391 intelligebat,
1338 4288 1584 4368 studiosissime
1609 4283 1664 4354 di-

317 4408 604 4514 ligentissimeque
629 4417 800 4512 amabat,
823 4424 860 4498 bt
883 4439 957 4496 tuta
982 4419 1127 4496 manure
1149 4425 1185 4500 bt
1207 4419 1428 4516 pietatem&
1465 4409 1662 4508 religionen
1751 4491 1760 4502 ,
1784 4455 1790 4462 -

953 4541 1032 4620 Ka
1574 4539 1578 4544 ’
