4386 5838
680 653 710 717 v
807 655 821 720 1
919 658 949 724 T
1049 658 1078 726 A
1473 673 1540 746 149

259 800 335 848 meu
360 773 536 867 Eugubio,
562 773 654 866 quod
677 773 761 842 haec
787 773 907 846 civitas
934 799 1106 868 nunquam
1134 778 1291 868 propensi
1316 778 1415 848 animi
1441 777 1475 848 in
1498 797 1589 848 vete·

259 918 328 966 rem
353 893 526 964 dominum
551 895 647 986 signa
670 895 836 980 dederat,
861 921 1000 988 eamque
1026 897 1207 971 universae
1228 897 1369 968 ditionis
1393 922 1495 988 caput
1529 901 1591 968 de·

264 1014 431 1085 claravit.
457 1015 510 1085 Ad
533 1013 632 1108 hujus
659 1016 747 1084 vires
773 1017 878 1106 magis
901 1018 1075 1110 magisque
1101 1018 1315 1086 infirmandas
1334 1019 1595 1090 contessitlilo·

265 1135 409 1206 reatinis
434 1159 543 1204 arcem
566 1139 597 1204 S.
623 1138 703 1221 Lei,
729 1139 934 1206 &Montern
960 1135 1121 1206 Feltriurn
1147 1161 1224 1206 cunr
1250 1123 1341 1206 omni
1377 1142 1446 1230 ejus
1484 1163 1596 1230 agro,

266 1259 302 1326 Bt
323 1257 496 1327 Sextinum
520 1259 698 1347 oppidum,
722 1282 789 1350 quo
814 1257 980 1328 beneficio
1015 1277 1051 1324 se
1089 1256 1216 1326 sarcire
1251 1257 1337 1328 dixit
1375 1278 1529 1348 sumptus
1555 1263 1597 1331 ab

268 1375 308 1446 iis
334 1377 369 1446 in
395 1375 517 1447 bellum
544 1377 678 1460 salios,
713 1402 796 1469 quos
823 1377 1003 1445 Pontificio
1029 1378 1160 1446 aerario
1186 1400 1353 1466 expensos
1375 1377 1515 1452 tulerat.
1537 1382 1601 1448 Ac·

270 1517 431 1584 ceperunt
455 1498 479 1566 ii
505 1498 730 1570 conditionem
756 1521 826 1568 non
851 1495 1053 1580 voluntate,
1097 1497 1157 1568 sed
1193 1499 1330 1586 parendi
1373 1499 1602 1569 necessitate.

271 1619 389 1707 Neque
414 1614 520 1687 multo
547 1636 625 1708 post
650 1618 794 1686 animum
821 1618 943 1709 adiecit
969 1617 1011 1686 ad
1047 1618 1282 1706 occupandam
1321 1621 1504 1718 Ferrariam
1544 1647 1603 1710 pra
1633 1629 1640 1642 '

273 1735 375 1822 odia,
401 1739 494 1828 quod
518 1759 648 1826 semper
672 1738 790 1808 habuit
818 1737 852 1805 in
878 1735 1090 1824 alphonsum
1115 1741 1266 1822 Ducem,
1295 1739 1389 1828 quod
1414 1762 1490 1808 eum
1512 1764 1607 1828 aper·

273 1879 308 1928 te
333 1863 367 1930 Bt
392 1858 502 1948 palam
527 1855 599 1928 fieri
624 1880 694 1927 non
720 1877 820 1946 posse
844 1855 1078 1948 intelligeret,
1104 1880 1146 1924 ex
1173 1855 1303 1925 insidiis
1328 1875 1458 1930 tentare
1483 1860 1608 1932 delibe-

275 1977 391 2048 ravit.
415 1981 504 2046 Usus
531 1975 727 2066 praesertim
762 1993 814 2044 est
839 1999 943 2064 opera
969 1974 1151 2045 Alexandri
1175 1975 1322 2066 Fregosii
1347 1977 1608 2060 Ventirniliensis

277 2096 455 2186 Episcopi,
482 2095 541 2186 qui
565 2094 740 2166 Bononiae
755 2115 838 2163 ‚tum
864 2094 1153 2164 commorabatur.
1179 2093 1258 2176 Hic,
1285 2115 1424 2186 accepta
1449 2121 1469 2166 a
1491 2099 1616 2169 Ponti-

278 2217 342 2286 fice
368 2216 538 2307 pecunia,
563 2213 683 2284 milites
708 2214 908 2304 conscripsit
934 2214 1041 2303 specie
1081 2213 1341 2320 vimlallerendi
1373 2217 1611 2288 Genuensibus

280 2337 376 2422 suis,
400 2361 420 2406 a
445 2335 565 2428 quibus
592 2335 693 2406 exilio
722 2335 899 2406 muldatus
925 2333 1057 2419 suerat,
1083 2355 1118 2402 re
1143 2355 1224 2402 vera
1248 2351 1286 2404 ut
1307 2333 1349 2402 ad
1372 2335 1496 2405 Padurn
1522 2357 1618 2405 acce·

226 2497 231 2508 ·
280 2457 401 2528 deret.
441 2457 526 2526 Cum
549 2478 616 2548 quo
641 2454 805 2544 spellaret
835 2456 1050 2546 cognovisset
1076 2457 1238 2526 Mantuae
1263 2456 1440 2542 Marchio,
1466 2455 1619 2545 Alphon·
1668 2495 1674 2520 .

279 2601 355 2650 sum
381 2575 584 2662 admonuit,
609 2594 646 2646 ut
675 2576 737 2646 sibi
763 2575 931 2666 rebusque
971 2575 1039 2645 suis
1073 2575 1301 2664 prospiceret.
1338 2579 1386 2646 Re
1419 2574 1639 2673 patesalla,¹

282 2700 481 2792 Fregosius,
506 2697 565 2788 qui
590 2695 813 2766 Concordiam
838 2695 904 2787 jarn
928 2714 1097 2780 venerat,
1119 2719 1258 2789 eamque
1284 2722 1319 2768 se
1338 2696 1425 2768 velle
1449 2720 1619 2786 occupare

280 2817 526 2896 simulaverat,
551 2815 700 2886 dimissis
726 2815 916 2902 militibus,
943 2817 984 2886 ab
1026 2814 1160 2904 incepto
1187 2840 1222 2886 se
1262 2817 1432 2900 removit,
1471 2799 1621 2906 filiisque

284 2941 402 3013 officiis
426 2933 584 3009 Pontifex
610 2936 651 3007 ab
675 2959 712 3007 se
736 2958 772 3006 se
799 2957 931 3006 omnem
957 2936 1184 3026 suspicionem
1209 2935 1464 3008 malevolentiae
1498 2933 1534 3005 in
1559 2932 1622 3003 Al·

287 3063 456 3154 phonsurn
480 3056 679 3150 propulsare
705 3057 860 3128 studuit.

384 3185 476 3251 lnter
500 3177 585 3248 haee
607 3197 779 3266 nunquam
804 3177 876 3270 ejus
911 3177 1060 3250 studium
1085 3177 1241 3250 consedit
1266 3176 1308 3248 de
1349 3175 1499 3267 parando
1533 3171 1625 3246 bello

285 3300 450 3374 adversus
475 3301 664 3370 Tartarum
688 3301 838 3391 Regem.
865 3299 970 3369 Ratio
997 3316 1109 3370 autern
1152 3297 1241 3369 illius
1283 3292 1540 3368 administrandi
1577 3294 1629 3364 ita

265 3419 331 3492 'ab
357 3421 431 3511 ipso
455 3395 631 3510 proposita
655 3417 742 3503 fuit,
767 3437 806 3488 ut
829 3422 953 3490 Caesar
979 3420 1013 3488 in
1039 3422 1207 3504 Mysiam,
1233 3438 1334 3512 atque
1360 3417 1439 3488 inde
1456 3416 1492 3484 ia
1509 3413 1626 3483 Thra·

290 3541 376 3613 ciam
400 3565 475 3612 curn
499 3536 625 3609 delella
648 3537 795 3627 pediturn
826 3539 857 3604 δι
883 3538 1032 3630 equiturn
1056 3563 1157 3609 manu
1184 3561 1242 3628 per
1268 3535 1461 3610 Danubium
1486 3550 1631 3604 conten·

290 3663 413 3746 deret,
437 3660 638 3732 Franciscus
663 3655 838 3736 Gallorum
863 3660 935 3728 Rex
959 3680 1035 3728 cum
1063 3657 1320 3729 florentissimis
1344 3655 1476 3728 Galliae
1499 3659 1534 3726 a
1556 3656 1632 3722 lta·

291 3781 360 3852 liae
385 3783 490 3870 copiis
516 3803 537 3849 a
561 3772 749 3848 Brundusio
775 3779 809 3848 iu
835 3779 971 3868 Epirum
995 3781 1175 3876 trajceret,
1215 3778 1379 3868 Hispani,
1404 3773 1559 3846 Lusitani
1585 3789 1626 3841 ae

208 3883 214 3894 ’
294 3899 477 3987 Britanni,
503 3925 622 3996 magna
648 3919 843 3990 comparata
868 3900 994 3980 classe,
1020 3899 1183 3988 Byzantio
1207 3899 1273 3988 ipsi
1294 3918 1459 3996 ,terrorem
1485 3895 1516 3958 &
1541 3889 1629 3980 peri·

294 4019 408 4114 aulum
435 4019 612 4107 afferrent,
637 4027 671 4094 a
697 4043 833 4095 centurn
858 4041 966 4111 usque
986 4039 1154 4090 rostratae
1169 4041 1275 4088 naves
1292 4040 1353 4086 sua
1370 4019 1404 4085 ar
1424 4013 1632 4112 Venetorum

291 4141 445 4229 pecunia
470 4138 654 4212 instrullae
671 4142 849 4218 ‚solverent
876 4141 1041 4223 Ancona,
1067 4160 1108 4206 ac
1129 4157 1263 4207 cursum
1277 4156 1320 4202 eo
1339 4132 1632 4221 dirigerent,un

296 4280 350 4331 res
375 4260 548 4350 postulare
572 4261 770 4333 videretur.
796 4259 888 4330 Malu
910 4261 940 4329 si
964 4258 1158 4350 contingat,
1183 4255 1319 4346 ajebat,
1345 4268 1383 4322 at
1408 4248 1521 4321 multis
1545 4267 1633 4322 tem·

256 4435 261 4450 .
293 4378 481 4476 petentibus
501 4377 651 4470 jactatam
676 4397 774 4474 atque
798 4381 956 4472 agitatam
983 4376 1192 4447 Christianae
1216 4370 1435 4460 Reipublicae
1461 4370 1574 4439 navim
1590 4369 1631 4440 ira

296 4516 399 4598 porta
422 4499 602 4587 collocem,
623 4501 706 4576 satit
730 4501 787 4574 diu
813 4495 846 4572 e
870 4497 963 4576 leae
988 4519 1039 4580 att
1064 4495 1189 4570 vixisse
1214 4490 1419 4570 atburabar..
1454 4490 1523 4564 Sed
1546 4491 1637 4567 varii
