4372 5842
680 674 718 742 V·
803 674 820 744 1
919 674 951 744 Τ
1047 669 1079 742 Α
1473 681 1538 756 191

260 811 428 880 cesserat,
452 793 680 886 singularique
703 794 915 864 humanitate
940 793 1234 886 completleretur‚
1260 791 1352 887 quod
1386 792 1429 864 de
1452 810 1489 860 se
1514 787 1587 877 ipso

261 937 404 990 testatur
426 917 568 986 Bembus
593 915 628 986 in
664 917 702 987 iis
741 913 893 998 litteris,
924 937 1008 1006 quas
1035 938 1089 984 an.
1115 930 1213 982 mov.
1244 913 1286 984 ad
1311 910 1499 1002 Philippum
1524 911 1586 978 Be·

257 1037 413 1110 roaldum
436 1037 601 1108 minorem
611 1035 727 1120 dedit,
751 1039 785 1105 δι
810 1033 985 1106 Balthasar
1010 1033 1253 1121 Castilionius‚
1280 1055 1357 1106 cum
1383 1032 1483 1102 matri
1505 1053 1592 1100 nar-

259 1175 378 1242 raret,
403 1181 492 1251 quae
514 1155 674 1230 fortunae
698 1181 774 1248 spes
802 1155 869 1226 sibi
902 1173 993 1226 esset
1028 1155 1221 1244 proposita.
1256 1157 1343 1226 Cum
1367 1176 1452 1225 vero
1476 1152 1595 1222 Ponti·

259 1277 317 1347 fex
342 1297 570 1364 cremasset,
594 1277 699 1348 dese
723 1277 918 1367 praedicate
944 1275 1208 1368 poterat,quod
1234 1276 1392 1347 Nicolaus
1418 1289 1456 1344 v.
1466 1271 1596 1344 dixisse

255 1395 391 1468 fertur:
418 1419 496 1466 nam
521 1398 646 1470 cumei
671 1399 906 1470 renunciatum
927 1415 1046 1482 esset,
1072 1396 1236 1489 quosdam
1261 1419 1335 1467 esse
1361 1397 1508 1480 Romae,
1529 1397 1592 1486 qui

251 1518 365 1588 bonos
389 1539 510 1588 versus
534 1514 715 1602 facerent,
741 1518 877 1608 negavit
902 1517 1011 1588 bonos
1031 1537 1134 1590 esse:
1166 1543 1224 1590 cur
1248 1519 1364 1600 enim,
1384 1516 1516 1604 inquit,
1552 1514 1595 1585 ad

257 1663 310 1710 me
335 1663 406 1708 non
441 1639 608 1718 veniunt,
633 1637 695 1728 qui
719 1639 829 1726 poetis
851 1639 955 1710 etiam
980 1639 1080 1710 malis
1101 1617 1227 1730 pateo?
1252 1635 1387 1726 (toa).
1410 1635 1594 1726 Sapientis·

261 1760 363 1829 simus
389 1783 474 1832 sane
496 1762 598 1830 horno
625 1759 769 1832 moleste
792 1758 929 1830 tulisset
951 1759 987 1828 in
1023 1761 1107 1830 urbe
1139 1785 1202 1830 sua
1237 1785 1336 1846 esse,
1368 1761 1425 1852 qui
1464 1757 1594 1828 litteras

149 1948 153 1956 .
222 1947 223 1950 ,
262 1883 412 1961 scirent,
437 1887 470 1952 dt
495 1883 733 1953 nescirentur.
762 1886 870 1972 Reges
891 1881 978 1969 ipsi,
1011 1879 1071 1973 qui
1107 1899 1274 1952 noverant
1300 1882 1472 1972 ingenium
1500 1883 1595 1948 Leo·

263 2001 337 2084 uis,
361 2003 548 2073 rationibus
574 2003 648 2072 suis
671 2027 708 2072 se
733 2003 909 2072 consulere
945 2002 1131 2088 putabant,
1156 2003 1289 2092 quoties
1316 2001 1358 2071 ad
1395 2023 1473 2071 eum
1507 1999 1598 2089 lega·

263 2126 343 2194 bant
367 2125 519 2194 homines
543 2121 695 2193 doiltina
720 2139 953 2212 praestantes.
978 2122 1134 2192 Diximus
1160 2147 1263 2210 supra
1279 2123 1321 2192 tle
1345 2122 1459 2190 Badeo
1481 2119 1599 2188 aGal·

171 2236 172 2239 ¹
213 2271 216 2278 ’
262 2247 373 2316 lorum
399 2247 488 2335 Rege
514 2247 657 2314 Romam
680 2245 804 2326 misso,
829 2266 918 2311 nunc
943 2241 1120 2310 dicendum
1144 2241 1185 2310 de
1222 2240 1359 2312 Alberto
1400 2241 1463 2310 Pio
1495 2238 1599 2328 Carpi

265 2365 401 2457 domino
416 2417 429 2449 ,
446 2365 507 2457 qui
530 2363 597 2434 fuit
620 2365 772 2436 Caesaris
791 2363 834 2434 ad
850 2363 1044 2440 Pontificem
1062 2364 1171 2452 ipsum
1185 2359 1351 2452 Legatus,
1366 2383 1533 2452 quemque
1556 2362 1600 2431 ob

264 2482 485 2554 excellentem
507 2463 708 2573 sapientiam
733 2483 937 2585 non-solum
964 2507 1101 2567 amore,
1129 2490 1160 2553 st
1188 2505 1351 2570 perpetuo
1378 2483 1526 2573 quolam
1553 2486 1602 2573 ju·

240 2589 358 2674 ¹dicio
382 2627 462 2688 suo,
487 2605 546 2674 sed
572 2607 673 2676 otiam
702 2606 873 2694 berreficiis
910 2591 1134 2696 singularibus
1175 2604 1237 2672 sibi
1272 2603 1481 2672 obstrinxit.
1518 2605 1604 2674 Nant

266 2747 342 2794 cum
368 2725 532 2798 adversae
555 2726 716 2796 fortunae
741 2725 904 2798 fluitibrs
930 2729 1108 2816 plurimum
1132 2729 1272 2816 jadatus
1299 2727 1445 2808 fuisset,
1479 2729 1609 2800 inuenit
1684 2764 1686 2770 ’

267 2843 593 2920 sollicitudinum&
618 2843 817 2935 injuriarum
844 2846 1033 2937 perfugium
1064 2851 1098 2918 in
1127 2849 1329 2919 liberalitate
1357 2850 1554 2930 Pontificio,
1583 2874 1603 2920 s

266 2987 336 3056 quo
359 2965 508 3037 donatus
531 2960 595 3032 fuit
618 2961 649 3031 S
675 2963 813 3047 Felicis3
839 2964 1028 3051 Metione·
1052 2972 1085 3036 bt
1109 2970 1262 3040 Sarsinae
1287 2969 1442 3055 ditione,
1466 2975 1498 3041 St
1524 2972 1602 3046 Ber:

265 3084 372 3166 timori
396 3081 621 3172 praetenera.
645 3087 719 3172 Ipsa
745 3085 916 3154 Pontificis
943 3087 1182 3158 benevolentia
1220 3110 1298 3178 post
1333 3091 1436 3182 hujus
1463 3109 1606 3160 mortem

267 3203 385 3274 odium
409 3205 446 3272 in
469 3226 546 3274 eum
570 3202 745 3276 Gallorum
770 3207 938 3295 primum,
964 3227 1043 3276 mort
1069 3215 1101 3280 bt
1127 3211 1282 3280 Caesaris
1310 3213 1521 3292 concitavit,
1546 3209 1609 3302 qui

208 3411 212 3414 -
269 3344 452 3416 postquam
473 3347 550 3394 eum
575 3348 697 3416 augete
721 3305 888 3418 dignitate
913 3332 1108 3413 recusavit,
1137 3333 1320 3413 omnibns,
1344 3333 1438 3424 quod
1461 3333 1604 3424 gravius

163 3487 168 3496 -
270 3443 358 3526 fuit,
384 3445 551 3522 fortunis,
574 3453 606 3516 bt
631 3447 706 3538 ipsa
730 3450 832 3536 Carpi
856 3449 984 3518 ditione
1010 3449 1187 3544 spoliayit.
1216 3455 1313 3524 Hunc
1339 3477 1440 3543 porto
1470 3455 1614 3538 virum‚'

269 3585 312 3636 ut
333 3564 378 3635 de
401 3588 441 3636 eo
481 3569 662 3644 memoriae
697 3569 872 3639 mandavit
903 3568 1107 3651 Sarlolerus‚
1132 3573 1286 3641 omnibus
1312 3575 1457 3663 ingenii,
1482 3572 1608 3648 domi·

236 3675 238 3680 ’
271 3647 396 3766 nael&
421 3687 569 3758 virtutis.
593 3691 804 3759 ornamentis
830 3691 1021 3781 praeditam
1054 3693 1151 3762 facile
1188 3693 1423 3766 assimilaveris
1447 3696 1606 3766 heroibus

267 3803 361 3887 illis,
390 3807 513 3897 quibus
538 3805 700 3898 gloriatur
727 3811 938 3902 antiquitas,
966 3820 999 3886 δι
1026 3816 1231 3904 prosperiori
1257 3841 1338 3886 sane
1364 3815 1503 3887 fortuna
1527 3840 1614 3888 usus

269 3925 429 4008 fuisset‚-
458 3927 522 3998 nisi
550 3931 717 4018 paruisset
742 3933 1063 4016 consiliisteonis,
1100 3937 1160 4028 qtti
1188 3937 1286 4020 fecit,
1322 3959 1359 4007 ut
1401 3955 1614 4028 quocunque

266 4069 329 4116 sua
358 4047 472 4116 studia
496 4047 719 4134 inclinarent,
745 4075 834 4142 quae
860 4056 959 4124 rnodo
977 4056 1111 4142 Gallis,
1135 4058 1238 4128 morlo
1254 4058 1464 4128 Caesarianis
1491 4055 1610 4128 favete

273 4166 494 4250 uidebamur,
522 4169 561 4237 iis
588 4188 698 4239 totum
724 4193 760 4240 se
784 4189 819 4241 se
844 4173 941 4244 daret
968 4176 1131 4248 tilbertus
1151 4174 1273 4266 (tog).
1300 4179 1350 4246 Ne
1375 4197 1473 4265 pates
1490 4197 1605 4250 antem

268 4285 362 4358 illum
388 4288 441 4360 vel
457 4282 501 4359 'in
527 4289 679 4359 maximis
704 4295 965 4384 tempestatibus
990 4295 1153 4368 feriatum
1176 4297 1281 4369 baisse
1305 4299 1347 4370 ab
1372 4297 1411 4368 iis
1452 4299 1604 4384 studiis,

270 4407 313 4476 aad
352 4433 441 4499 quae
481 4431 545 4480 sua
581 4431 743 4500 sponte,
784 4417 817 4484 ὃ(
857 4416 1166 4490 cohortationibus
1203 4423 1333 4492 hunis
1361 4422 1567 4492 incitabatur
1591 4469 1611 4492 .·

267 4529 357 4598 blatra
374 4529 510 4600 nullam.
529 4530 599 4602 sete
638 4529 874 4640 dosttirtarttrn
905 4557 981 4608 tum.
1008 4539 1230 4637 diviuattn12
1268 4565 1347 4615 tum
1376 4535 1609 4618 lutrintamm
