4372 5842
678 670 713 733 ,v
762 671 768 679 '
811 671 827 739 l
924 670 957 740 ‘l'
1052 665 1084 738 t
1411 727 1414 738 ‚
1479 664 1545 750 187

265 807 396 860 cattum
420 785 671 878 &religiosum
696 839 706 868 ‚
733 810 843 880 neque
868 812 904 859 se
929 789 1080 860 dubitare
1106 840 1115 874 ‚
1138 783 1222 881 quin
1247 792 1280 860 in
1306 807 1428 878 magna
1465 804 1598 856 morum

267 911 464 999 eoriuptela
489 913 560 1004 ejus
587 905 765 992 sanctitas,
789 913 967 997 prudentia
999 933 1102 1001 atque
1151 912 1409 1002 magnanimitas
1436 929 1597 1006 tauquam
1661 943 1662 946 ¹

268 1033 494 1106 clarissimum
528 1033 643 1118 lumen
680 1035 842 1102 universo
876 1033 1068 1102 Christiano
1107 1033 1183 1103 orbi
1218 1033 1519 1121 splendescerent.
1547 1029 1598 1098 Ad

266 1155 357 1227 hanc
383 1155 599 1225 obtinendam
624 1155 756 1238 laudem
779 1176 852 1240 non
875 1177 994 1244 parum
1019 1152 1154 1244 quidem
1178 1151 1225 1222 illi
1250 1149 1429 1240 profutura
1454 1150 1599 1220 fuissent

265 1276 417 1347 Cottesii
443 1275 586 1361 consilia
609 1297 624 1360 ‚·
646 1275 682 1344 iu
702 1297 771 1366 quo
789 1293 871 1363 etat
896 1273 1105 1365 ingenitum,
1126 1271 1310 1360 prudentia
1334 1324 1344 1356 ‚
1364 1269 1565 1362 eloquentia
1588 1317 1598 1350 ,

267 1393 421 1468 dodtina
444 1449 454 1482 ,
476 1399 683 1481 Graecarum
708 1397 896 1467 litterarum
920 1393 1097 1473 scientia,
1122 1393 1230 1481 pietas
1255 1411 1449 1482 praeterea,
1483 1393 1601 1460 conti·

267 1516 389 1596 nentia
408 1514 583 1606 &meligio
609 1515 786 1607 singularis
810 1566 818 1583 .
842 1518 926 1584 Cum
952 1515 980 1583 is
1004 1511 1181 1603 plurimtun
1205 1511 1412 1588 elaborasset
1443 1513 1478 1580 in
1514 1533 1595 1578 con·

266 1636 438 1705 vertendis
461 1640 640 1708 o.Graeto
672 1639 706 1706 in
732 1637 890 1707 Latinum
911 1635 967 1704 88.
992 1637 1130 1704 Patrttn't
1155 1634 1314 1728 scrip'tis,
1338 1655 1380 1702 ex
1405 1631 1458 1699 his
1483 1630 1603 1718 puris-

266 1755 359 1824 simis
386 1753 757 1847 fontibus'atgumenta
783 1757 930 1845 sumpsit
955 1756 998 1826 ad
1018 1753 1265 1826 convellendos
1280 1754 1603 1824 haereticorum'er·

264 1897 358 1946 tores
383 1925 395 1962 ‚
420 1876 551 1944 minime
577 1899 724 1966 sequeus
755 1900 881 1946 morem
907 1895 1058 1962 eorum,
1084 1877 1139 1968 qui
1166 1876 1201 1944 in
1232 1874 1388 1946 sordibus
1416 1871 1605 1942 Stholasti·
1631 1868 1633 1872 ’

267 2019 408 2082 corum,
432 2001 602 2087 tamquam
616 1995 807 2078 'itt-visco,
824 1996 1137 2078 adhaerescebant,
1160 1997 1286 2088 quique
1310 2018 1381 2065 non
1405 2017 1475 2064 tam
1491 1997 1603 2062 etiem-

268 2115 332 2206 plis
369 2119 399 2182 ἃ
438 2118 653 2207 rationibus,
690 2143 792 2208 quant
838 2117 1004 2202 conviciis
1032 2122 1065 2186 Et
1089 2115 1276 2186 maledidlis'
1299 2168 1312 2201 ,
1333 2121 1367 2186 δι
1388 2161 1408 2197 ,ι
1426 2116 1517 2206 quod
1537 2137 1602 2202 ρει

267 2239 319 2326 jus
345 2257 397 2306 est
424 2287 433 2319 ‚
459 2237 543 2331 jocis
577 2240 681 2308 etiam
715 2259 815 2328 atque
849 2237 983 2307 facetiis
1010 2233 1276 2306 illiberaliss'itnis
1315 2259 1384 2304 rem
1406 2231 1605 2324 'agebatis

265 2355 365 2426 Euim
389 2379 469 2428 oero
495 2409 504 2444 ‚
529 2358 643 2448 inquit
667 2359 741 2447 ipse
764 2410 775 2443 ‚
799 2359 856 2452 qui
883 2358 1034 2428 veritatis
1059 2357 1268 2452 indagandae
1292 2356 1402 2427 studio
1427 2353 1599 2434 scribunt,

265 2478 356 2550 mitet
384 2479 608 2575 modestusque
629 2501 666 2550 se
688 2481 781 2571 ipsos
806 2475 963 2551 exhibent
985 2479 1106 2550 eluisti
1129 2478 1277 2574 exemplo
1301 2529 1312 2562 ‚
1347 2477 1403 2572 qui
1429 2455 1600 2570 cumipse

264 2615 351 2670 esset
372 2598 502 2670 ueritas
527 2601 596 2683 ‚tn
623 2600 756 2694 teipso
782 2621 916 2695 quoque·
935 2600 1217 2670 monsuetudinem
1250 2593 1495 2694 praedicauit,
1523 2614 1604 2674 tatt-

263 2731 407 2814 tttmque'
421 2719 558 2810 obfuit,
585 2739 622 2791 ut
647 2720 734 2792 ultro
759 2721 968 2792 maledixerit
989 2772 999 2802 ‚
1025 2736 1063 2788 ut
1081 2720 1179 2788 etiem
1209 2767 1219 2799 ,
1245 2720 1342 2814 quod·
1358 2719 1484 2789 Petrus
1500 2741 1503 2750 ¹
1517 2713 1567 2788 oit
1588 2707 1609 2802 ,ἕ

265 2835 473 2910 maledicenti
499 2862 567 2912 nott
594 2841 775 2914 minoretur
797 2891 806 2910 .
832 2845 945 2932 Atque
970 2839 1191 2911 utinamho'c
1216 2831 1612 2928 praeceptumisect'ttust

265 2953 389 3027 suisset
413 3009 425 3042 ‚
451 2983 551 3052 quem
570 2961 688 3050 paullo
714 2985 816 3050 supra
839 2959 1115 3044 nominavimus,
1138 2955 1342 3030 Ambrosiut
1368 2957 1601 3038 Cathtt‘tiuust

264 3101 343 3150 nam
370 3080 480 3152 famae
506 3105 586 3152 suae
611 3081 730 3152 melius
754 3081 890 3174 quidem
918 3078 1148 3150 consuluisset
1166 3079 1327 3168 .Pugnax
1354 3083 1386 3148 tt
1411 3077 1602 3148 lacertosus

265 3195 393 3269 athleta
417 3203 585 3294 quidquid
610 3201 869 3274 convellendum
895 3200 1109 3294 adoriebatur
1135 3253 1145 3284 ,
1185 3199 1482 3271 vehementissime
1511 3219 1603 3288 pete·

263 3311 322 3387 bat
347 3365 357 3399 ‚
381 3324 417 3390 dt
442 3319 521 3390 dum
547 3322 745 3417 objurgabat
771 3345 830 3394 eos
856 3320 1092 3413 ‚quibuscum
1125 3342 1246 3391 manus
1286 3317 1510 3402 conterebat,
1530 3315 1600 3388 ‘inl-

262 3439 352 3512 ttime
377 3441 536 3528 parcebat
562 3440 721 3532 dignitati
746 3463 828 3512 suae
853 3496 864 3528 ‚
890 3463 929 3528 ut
954 3439 1117 3532 spoliaret
1139 3439 1282 3510 alienam
1295 3455 1312 3508 .·
1329 3445 1518 3530 Antequam
1540 3441 1604 3509 Ec·

265 3557 388 3630 clasiae
412 3559 575 3633 militaret
600 3607 612 3640 ‚
637 3579 778 3654 tumque
803 3563 1003 3634 vocabatur*
1018 3557 1234 3634 Lance'llotus
1259 3561 1412 3645 Politus‚
1435 3581 1520 3629 eum
1532 3559 1602 3628 Leo

263 3681 468 3752 consistorii
496 3682 711 3753 Advocatum
749 3684 984 3773 obunagmm
1011 3707 1146 3775 ‚uuam
1171 3684 1235 3755 sibi
1262 3680 1296 3752 in
1323 3683 1435 3770 patrio
1461 3679 1603 3750 Senensi

267 3801 456 3882 Gymnasio
482 3801 738 3892 compativerat
763 3801 881 3896 legalis
906 3802 1074 3876 dostritiae
1097 3801 1248 3886 famam,
1271 3805 1402 3875 creavit
1427 3853 1436 3885 ‚
1463 3795 1616 3871 auom-I

265 3941 334 4010 que
359 3918 409 3990 illi
435 3919 527 4002 suit‚'
554 3923 736 4012 poitquam
761 3923 795 3992 iu
821 3923 1125 4004 Dominicanorum
1150 3923 1264 3994 castra
1287 3921 1465 4001 transivit,
1481 3941 1520 3989 ut
1539 3943 1603 3988 ert-
1634 3998 1637 4002 ,

262 4037 440 4112 callentem
466 4044 706 4129 praestantiam
730 4044 856 4135 ingenii
880 4045 934 4114 sui
954 4045 997 4115 ad
1013 4042 1186 4134 religionis
1205 4047 1338 4114 tbonum
1365 4058 1473 4110 totam
1491 4019 1601 4106 trans·

262 4159 369 4231 ferret
397 4209 407 4230 .
444 4161 582 4248 Minime
621 4187 760 4256 quoque
783 4165 919 4235 silentio
942 4163 1209 4256 praetereundus
1234 4161 1508 4234 est'Matthaeus
1534 4157 1618 4227 Gi..

260 4285 379 4364 bertus
405 4285 632 4367 Veronensis,
656 4288 720 4376 qui
739 4286 846 4355 Leoni
868 4285 924 4358 vel
950 4287 991 4360 ab
1020 4289 1160 4358 'ineunte
1175 4285 1532 4364 adolescentiamitum
1557 4293 1617 4363 in·

258 4406 396 4477 modum
419 4424 576 4495 acceptus
602 4403 675 4473 fuit.
685 4407 728 4474 ob
747 4407 950 4479 suavitatem
965 4409 1244 4479 &innocentiam
1269 4423 1425 4492 morum,·
1449 4408 1492 4476 ob
1508 4409 1616 4498 inge-¹

261 4525 354 4606 nium
376 4543 392 4611 ',
411 4527 572 4635 quodad
596 4526 735 4603 mitiora
758 4527 873 4603 studia
895 4549 1035 4694 prorsus
1062 4523 1188 4602 fadum
1211 4529 1409 4618 videbatur,
1436 4529 1595 4622 quodque

1003 4647 1024 4695 a
1074 4651 1095 4701 a
