4472 5828
614 617 660 699 46
981 611 1028 680 'L
1078 617 1105 685 E
1152 615 1185 684 O
1235 617 1265 684 N
1312 616 1327 682 l
1375 613 1421 681 S·
1469 609 1509 678 X.

557 732 631 824 gis,
654 756 756 824 quam
779 732 820 804 de
845 737 1088 826 persequendis
1113 711 1254 806 inimicis
1279 755 1400 824 agere.
1427 728 1454 798 li
1480 724 1616 818 quidem
1642 716 1775 788 minime
1800 706 1897 784 dubii

466 911 470 923 .
515 881 518 895 ·
560 853 701 924 suerunt
727 853 1010 942 quemadmodum
1036 852 1176 924 vidioria
1200 873 1403 924 uterentur.
1432 851 1516 918 Nam
1543 867 1619 914 cum
1647 841 1687 910 ad
1713 841 1929 930 Ravennae·

559 957 700 1042 moenia‘
720 993 833 1042 castra
859 971 1095 1058 reduxissent,
1126 997 1167 1042 ea
1193 973 1390 1042 conditione
1418 970 1534 1040 urbem
1559 967 1593 1036 in
1619 959 1826 1033 deditionem
1844 975 1899 1024 re-

559 1111 754 1182 ceperunt,
778 1111 815 1160 ut
842 1089 1029 1160 Columnae
1054 1091 1124 1160 suis
1151 1116 1227 1162 cum
1262 1093 1366 1182 copiis
1403 1088 1549 1162 exeundi
1582 1099 1734 1174 potestas
1761 1090 1897 1170 esset,

557 1237 669 1304 neque
706 1210 887 1300 oppidanis
913 1215 1131 1296 noceretur,
1166 1237 1232 1303 qua
1274 1213 1308 1282 iu
1343 1235 1378 1282 re
1419 1209 1516 1280 fidem
1553 1204 1755 1294 fregerunt.-
1794 1192 1895 1264 foede

557 1332 648 1400 enim
688 1331 719 1396 δι
757 1331 939 1402 crudeliter
972 1337 1087 1404 omnia
1117 1334 1351 1420 diripuerunt,
1384 1329 1507 1418 templa
1543 1323 1758 1414 spoliarunt,
1794 1334 1899 1404 atque

560 1453 703 1522 inermes
722 1453 967 1538 trucidarunt,
1001 1452 1144 1522 sentinas
1175 1455 1298 1541 pariter
1323 1472 1425 1543 atque
1450 1449 1701 1535 virosamque
1725 1437 1765 1508 ad
1786 1432 1903 1506 infan-

558 1571 645 1642 tium
685 1575 821 1662 caedem
860 1573 996 1646 illorum
1036 1573 1227 1642 immanitas
1263 1572 1446 1662 pervenit:
1485 1590 1597 1640 arcem
1634 1579 1746 1634 autem
1778 1575 1900 1645 capere

556 1692 649 1762 ltaud
688 1712 893 1780 potuerunt,
926 1691 996 1778 iis,
1033 1692 1092 1782 qui
1123 1691 1158 1760 in
1196 1716 1237 1762 ea
1277 1714 1398 1774 erant,
1425 1715 1533 1782 usque
1563 1687 1605 1760 ad
1631 1677 1900 1754 internecionem

583 1807 657 1884 dem
694 1813 848 1882 Pontifici
882 1809 971 1884 velle
995 1834 1031 1881 se
1062 1832 1235 1900 praestare
1269 1811 1530 1886 didlitantibus.

655 1932 731 2018 lpse
767 1931 967 2002 Pontificius
1007 1931 1179 2020 legatus,
1216 1935 1410 2018 Novanus,
1446 1931 1571 2023 aliique
1605 1923 1733 1998 nobiles
1771 1913 1901 2008 captivi

558 2050 678 2126 mditi
703 2047 862 2120 militibus
888 2051 1026 2124 fuerant
1051 2051 1281 2122 Mediolanum
1306 2051 1525 2122 deducendi.
1551 2045 1644 2142 Quia
1669 2063 1825 2133 magnam
1843 2036 1900 2106 fa·

556 2193 645 2242 mam
669 2178 892 2262 magnumque
917 2193 1042 2240 nomen
1068 2173 1228 2242 afferebat
1253 2196 1368 2244 secum
1390 2175 1557 2250 loannes,
1583 2185 1656 2238 tum
1681 2158 1853 2232 Bononiae
1879 2179 1901 2226 a

557 2289 750 2364 Bentivolis
776 2287 964 2378 fratribus,
990 2309 1062 2362 tum
1087 2275 1240 2364 Mutinae
1266 2292 1307 2362 ab
1332 2315 1447 2362 earum
1473 2312 1591 2360 sorore
1611 2283 1736 2356 Blanca
1760 2282 1899 2374 Raugo-

556 2409 618 2482 nia
643 2433 713 2482 non
738 2407 847 2481 solum
872 2409 1060 2482 voluntatis
1084 2411 1350 2504 significationes
1375 2412 1589 2514 singulares,
1615 2405 1674 2485 sed
1702 2400 1804 2474 etiam
1830 2395 1901 2466 do·

555 2549 605 2598 na
628 2529 712 2601 satis
737 2529 848 2620 ampla
870 2532 1017 2614 habuit,
1042 2532 1162 2627 quibus
1190 2530 1401 2624 iniquitatem
1439 2533 1599 2604 fortunae
1625 2547 1708 2596 suae
1732 2515 1902 2594 subleva-

555 2671 632 2722 ret.
660 2654 729 2720 Nec
759 2651 834 2720 sine
861 2648 1003 2724 foenore
1028 2651 1114 2722 haec
1140 2653 1297 2741 primaria
1321 2659 1355 2725 δι
1379 2651 1645 2744 prudentissima
1670 2642 1808 2730 femina
1835 2637 1900 2707 be-

557 2767 679 2840 neficia
703 2791 766 2842 sua
789 2769 1002 2843 collocavit.
1028 2773 1112 2842 Nam
1138 2775 1282 2844 loannes
1307 2795 1438 2844 summo
1470 2769 1589 2844 annus
1614 2764 1821 2837 Pontificaru
1855 2754 1907 2826 li-
1977 2811 1982 2820 .

555 2887 657 2962 beros
681 2893 752 2986 ejus
777 2894 810 2962 δι
835 2914 1005 2981 purpurae
1030 2893 1187 2976 honore,
1209 2899 1241 2965 u
1277 2891 1441 2986 praetorii
1477 2889 1705 2983 praefedlura,
1751 2887 1784 2954 n
1827 2877 1901 2949 aliis

553 3008 763 3084 militaribus
788 3011 985 3082 muneribus
1010 3015 1208 3090 decoravit·
1234 3015 1312 3090 Non
1335 3010 1436 3088 facile
1464 3010 1601 3102 quidem
1621 2991 1902 3102 reperisses,qui

558 3125 656 3200 illum
678 3152 860 3224 aequasset
887 3154 959 3206 tum
985 3131 1021 3206 in
1058 3133 1314 3210 remunerandis
1338 3115 1513 3208 beneficiis
1533 3179 1546 3216 ,
1570 3149 1642 3200 tum
1674 3125 1709 3198 in
1752 3117 1901 3194 serendis

556 3267 662 3342 atque
680 3251 917 3328 condonandis
934 3252 1065 3347 iniuriis
1081 3303 1091 3330 ,
1109 3253 1207 3348 ctrjus
1223 3249 1506 3348 magniminitatis
1521 3245 1731 3322 exercendae
1769 3235 1903 3318 adversi

558 3389 660 3441 casus
682 3393 786 3458 saepe
811 3371 920 3442 eidem
946 3375 1165 3446 occasionem
1188 3372 1443 3480 praebuerunt.
1468 3367 1651 3440 Mediolani
1675 3380 1840 3452 exceptus
1866 3357 1903 3426 in

558 3485 644 3572 ipsis
669 3488 884 3562 Sanseverini
909 3491 1106 3572 eardimlis.
1127 3493 1264 3568 aedibus
1291 3492 1340 3576 ita
1366 3491 1401 3576 in
1427 3513 1463 3573 ‚se
1490 3479 1618 3562 amicos
1654 3501 1815 3578 expertus
1850 3493 1905 3548 est

560 3603 820 3692 vicecomites,
843 3609 1111 3700 Pallavieinios‚
1132 3613 1345 3696 Trivultios,
1371 3611 1523 3702 aliasque
1545 3593 1713 3702 patricias
1735 3599 1905 3683 familias,

557 3742 600 3798 ut
625 3725 712 3794 nihil
738 3749 870 3815 praeter
895 3728 1087 3814 libertatem
1112 3731 1230 3804 deesse
1257 3732 1307 3804 illi
1328 3717 1528 3822 ¹videretur.¹
1551 3723 1759 3800 Tradudlum
1795 3723 1831 3793 in
1857 3715 1905 3796 il·

555 3837 627 3922 lam
651 3847 767 3918 urbem
793 3848 906 3926 suerat
923 3850 1142 3938 Concilium,
1167 3853 1261 3952 quod
1294 3836 1490 3926 Gallorum
1516 3851 1561 3936 in„
1591 3835 1791 3918 Pontificem
1823 3836 1904 3913 odio
1925 3827 1928 3832 ⁵

558 3965 642 4041 Pisis
666 3988 899 4046 convocatum
924 3969 1030 4042 fuisse
1051 3969 1230 4074 diximus,
1272 3963 1499 4064 coeperatque
1532 3971 1598 4063 jam
1638 3985 1714 4038 esse
1747 3961 1783 4032 in
1823 3980 1910 4063 coa·

561 4095 719 4170 lenanu,
738 4089 874 4178 quando
893 4089 1002 4164 lulius
1027 4093 1204 4186 Mediceus
1230 4093 1270 4164 ad
1295 4067 1455 4176 loannem
1482 4065 1593 4162 venit
1611 4107 1690 4160 cum
1728 4075 1905 4160 Pontificio

559 4195 709 4276 limfis·
734 4208 859 4310 (ΜΨ
879 4211 927 4285 illi
953 4233 1157 4301 potestatem
1182 4213 1282 4284 dabat
1308 4211 1513 4286 restituendi
1545 4207 1581 4277 in
1617 4199 1788 4276 Ecclesiae
1826 4199 1905 4282 lio·

552 4335 685 4403 .l¹¹³11.i1⁰
709 4313 853 4405 &fallam
873 4307 1124 4452 MQos,
1150 4335 1208 4424 qui
1227 4333 1397 4436 adversus
1423 4353 1497 4401 earn
1523 4350 1615 4424 arma
1640 4325 1812 4404 tulerant,
1830 4315 1908 4408 qui·

562 4455 632 4560 ξμς
657 4435 825 4533 iurassent
850 4456 887 4522 se
913 4431 1057 4548 amplius
1082 4431 1587 4552 awaimoskeapiaudique
1612 4441 1669 4520 vel
1699 4439 1808 4542 illus,
1846 4431 1908 4539 qul
