4386 5838
653 658 716 726 116
1043 659 1070 728 t
1116 657 1144 728 E
1194 655 1226 724 Ο
1275 657 1305 728 Ν
1358 661 1374 728 l
1421 659 1443 728 S
1518 659 1560 728 X.

595 775 803 848 vercellensi
827 792 900 850 erat
925 775 1139 868 patefactus,
1167 779 1234 848 nisi
1259 781 1351 863 Leo,
1378 773 1508 868 conclis
1530 773 1819 860 adversantibus,
1845 771 1940 850 salu·

595 897 662 966 tari
686 897 830 988 quadam
855 900 1060 970 verecundia
1084 899 1220 968 minime
1246 921 1282 968 se
1309 919 1401 968 novo
1428 897 1587 987 chirurgo
1625 899 1844 985 aperiendum
1878 901 1939 992 ju·

594 1017 767 1088 dicasset.
792 1019 1060 1111 Intercipiuntur
1089 1018 1221 1089 interea
1245 1018 1377 1090 litterae
1401 1018 1567 1108 Alphonsi
1595 1021 1636 1088 ad
1662 1021 1848 1089 Antonium
1874 1019 1947 1090 Ni·'

590 1137 710 1224 nium,
735 1141 916 1212 Senensem
941 1138 1174 1224 Canonicum,
1198 1140 1258 1232 qui
1283 1138 1333 1210 illi
1357 1159 1430 1210 erat
1457 1143 1497 1208 ab
1524 1138 1702 1228 epistolis,
1738 1146 1862 1234 quique
1886 1143 1938 1234 ip·

589 1257 663 1330 sius
687 1260 852 1350 negotia,
877 1260 957 1330 dum
982 1262 1090 1332 Roma
1115 1262 1259 1348 aberat,
1286 1263 1513 1350 procurabat,
1551 1287 1592 1332 err
1617 1261 1749 1353 iisque,
1773 1265 1929 1354 quamvis

590 1377 724 1448 arcanis
750 1377 844 1449 notis
870 1381 1082 1470 conscriptae
1107 1401 1250 1464 essent,
1276 1383 1358 1451 satis
1385 1383 1495 1452 lucide
1521 1385 1704 1474 apparuit,
1733 1383 1822 1454 strui
1847 1384 1937 1454 insi·

588 1497 666 1580 dias
693 1499 863 1572 pontificis
884 1499 1004 1588 avitae,
1029 1501 1139 1592 deque
1165 1521 1298 1572 veneno
1323 1502 1371 1570 rlli
1411 1505 1561 1590 parando
1601 1504 1724 1596 agitari
1761 1504 1931 1578 consilia.

588 1617 663 1692 Hac
685 1643 721 1692 re
746 1617 905 1712 cognita,
930 1617 1089 1696 Pontifex
1113 1622 1223 1710 specie
1248 1621 1449 1695 consulendi
1474 1625 1574 1696 rebus
1597 1623 1689 1696 illius
1715 1624 1926 1714 Alphonsum

588 1738 760 1825 natio,
784 1764 854 1833 quo
878 1741 1050 1822 redierat,
1071 1741 1186 1812 statim
1211 1766 1249 1812 ac
1273 1741 1407 1816 audivit
1431 1765 1468 1814 se
1493 1743 1654 1816 incidisse
1691 1744 1726 1813 in
1766 1743 1932 1833 suspicio·

588 1880 667 1932 nem
693 1857 833 1930 occulto
859 1861 1076 1932 consensisse
1102 1885 1179 1932 curn
1202 1861 1318 1934 Urbini
1343 1865 1438 1934 Duce
1450 1839 1465 1944 ',
1489 1864 1630 1934 Romam
1655 1863 1859 1950 advocavit,
1880 1865 1936 1936 de·

588 1977 708 2070 dicque
732 1977 830 2051 fidem
856 2003 926 2052 non
952 1998 1021 2052 tam
1047 1981 1135 2071 ipsi,
1155 2003 1257 2072 quam
1280 1983 1521 2072 Hispaniarum
1547 1983 1651 2074 Regis
1673 1981 1831 2074 Legato,
1855 2003 1933 2056 tuto

539 2079 542 2086 ⁵
589 2097 687 2170 illum
711 2119 919 2172 venturum.
944 2101 1084 2172 Minime
1109 2122 1223 2176 tamen
1247 2101 1452 2186 defuerunt,
1474 2101 1536 2192 qui
1569 2099 1663 2172 illum
1690 2102 1933 2193 admonerent,

588 2239 632 2288 ne
658 2218 695 2290 in
731 2239 861 2292 cernon
898 2220 1085 2310 periculum
1121 2245 1158 2294 se
1189 2223 1438 2302 committeret,
1474 2247 1669 2315 quanquam
1702 2222 1810 2314 ipsum
1849 2227 1934 2302 saris

586 2359 726 2412 monere
751 2341 893 2414 debebat
919 2341 1082 2414 seclorum
1109 2343 1347 2416 conscientia.
1368 2343 1433 2414 Sed
1458 2345 1588 2432 patriae
1613 2342 1765 2428 caritas,
1804 2349 1840 2416 δι
1862 2345 1938 2416 exi·

587 2453 627 2556 lii
653 2461 802 2555 toediunt
828 2463 960 2554 impulit
985 2485 1062 2534 eum
1088 2463 1131 2534 ad
1154 2461 1360 2552 parendum,
1385 2462 1513 2554 vixque
1539 2463 1657 2552 pedem
1682 2463 1796 2552 posuit
1819 2464 1855 2535 in
1874 2487 1938 2554 pa·

587 2579 696 2669 latio,
723 2605 800 2652 cunr
825 2600 1047 2674 captusest,
1072 2585 1106 2654 δι
1133 2583 1168 2655 in
1190 2600 1361 2658 carcerem
1385 2581 1590 2674 conjedius,
1616 2583 1936 2676 nequicquamiii·

587 2723 697 2792 spano
721 2704 848 2796 Legato
871 2685 986 2775 datam
1005 2703 1103 2776 fidem
1118 2703 1336 2795 postulante.
1359 2705 1472 2796 Quem
1496 2702 1931 2795 participem'con'siliorum
1956 2741 1958 2745 ·

586 2821 754 2894 habuerat
787 2823 1022 2897 Bandinellum
1057 2824 1210 2897 Sauliurn
1245 2827 1461 2898 Genuensetn
1500 2821 1712 2898 Car'dinalem
1725 2875 1734 2908 ,
1773 2825 1933 2898 comitem

584 2942 707 3016 habuit
727 2967 885 3034 poenae;
909 2969 987 3018 nam
1011 2945 1110 3042 jussit
1132 2969 1193 3019 eos
1217 2931 1406 3045 Pontifex,
1445 2962 1484 3016 ut
1523 2943 1735 3035 parricidas,
1771 2941 1864 3018 arde
1899 2950 1934 3028 ὃς

586 3065 831 3154 separatimin
854 3066 1020 3140 Hadriani
1042 3065 1131 3140 rnole
1156 3063 1340 3138 custodiri.
1365 3065 1493 3136 Eodem
1527 3065 1605 3152 die,
1643 3067 1703 3156 qui
1740 3063 1807 3138 suit
1847 3084 1932 3141 xtv.

588 3193 669 3259 alne
702 3185 872 3260 Kalendas
906 3186 996 3259 lunii
1033 3209 1086 3258 ιιι.
1122 3203 1280 3264 noxum·
1300 3188 1507 3262 convocavit
1532 3189 1574 3262 ad
1598 3213 1643 3261 se·
1659 3209 1697 3259 se
1731 3186 1931 3262 Cardinales

585 3328 708 3378 omnes
732 3307 985 3397 &Principum
1010 3309 1183 3400 Legatos,
1219 3307 1332 3403 iisque
1369 3310 1424 3382 sui
1449 3307 1533 3382 faeti
1570 3331 1728 3382 caussam
1770 3308 1929 3401 aperuit,

585 3425 823 3520 commisitque
847 3426 954 3498 tribus
972 3425 1396 3522 Cardinalibusaequitate
1411 3429 1688 3521 spectatissimis,
1714 3426 1935 3510 Remolinio',

586 3544 758 3633 Aecolto,
783 3541 966 3630 rainerio,
995 3549 1177 3642 quierant
1201 3572 1245 3622 ex
1269 3548 1389 3622 ordine
1412 3551 1685 3642 Episcoporum,
1710 3552 1933 3640 Presbytero·

585 3689 663 3741 aum
685 3673 722 3740 δι
746 3668 999 3750 Diaconorttm,
1025 3687 1063 3740 ut
1088 3669 1130 3740 de
1153 3687 1229 3742 tota
1253 3695 1290 3744 re
1313 3693 1585 3764 cognoscerent,
1622 3674 1733 3746 Mario
1772 3677 1924 3746 Perusco

585 3787 680 3862 Fisci
704 3784 875 3882 praefecto
900 3788 1116 3880 quaestiones
1139 3789 1316 3863 habente.
1339 3791 1401 3866 Vel
1426 3813 1507 3866 ante
1530 3796 1598 3866 lroe
1623 3815 1757 3887 tempus
1780 3793 1925 3868 manda·

540 3937 544 3951 ·
586 3927 684 3984 verat
709 3908 941 3996 Florentinis,
965 3929 1005 3982 ur
1026 3911 1190 4004 quoniam
1216 3913 1259 3984 ad
1281 3935 1341 3985 eos
1364 3933 1506 3986 venerat
1529 3914 1752 3988 Vercellensis
1783 3912 1928 3989 medici·
1993 3899 1996 3906 ’

583 4049 664 4102 narn
687 4029 872 4106 adhibendi
896 4055 1020 4106 caussa
1037 4037 1134 4106 Goro
1159 4033 1358 4106 Pistoriensi
1392 4055 1539 4125 magnae·
1571 4035 1783 4108 audoritatis
1822 4035 1928 4118 tiro,

485 4192 486 4195 ι
587 4149 718 4240 quiex
742 4149 875 4224 Gallim
908 4153 1028 4224 morbo
1066 4151 1265 4237 laborabat,
1295 4153 1467 4225 hominem
1506 4153 1828 4245 comprehenderent
1841 4201 1856 4239 ,
1891 4157 1927 4226 δι

519 4361 521 4364 v
584 4269 726 4342 Romam
750 4273 946 4348 mitterent.
972 4275 1095 4348 Decem
1120 4292 1198 4365 post
1228 4271 1300 4346 dies
1325 4277 1422 4372 jussit
1446 4276 1528 4354 dari
1548 4278 1583 4353 in
1623 4276 1815 4353 custodiam
1857 4277 1932 4346 Ra-

583 4385 740 4479 phaeletn
752 4389 905 4472 Riarium
918 4394 1062 4468 Senatus
1077 4395 1279 4488 principem,
1304 4397 1505 4494 Episcopum
1529 4399 1723 4471 Ostiensem
1738 4404 1771 4470 δι
1784 4399 1817 4466 8.
1833 4399 1876 4465 R.
1887 4399 1926 4466 E.

582 4509 830 4599 (temerarium,
871 4511 1041 4608 homiuem
1078 4513 1356 4610 quietissimum,
1384 4520 1427 4596 ab
1464 4522 1557 4596 omni
1592 4543 1664 4594 non
1700 4517 1803 4594 modo
1840 4515 1928 4590 laci·
