4386 5838
740 671 771 738 v
867 674 884 746 1
980 672 1011 740 Τ
1107 669 1138 740 Α
1530 687 1595 760 ¹35

318 783 437 858 rediit.
462 783 598 860 Nullum
623 787 803 862 intermisit
829 813 959 883 tempus
984 792 1185 884 Caietanus,
1219 815 1289 886 quo
1323 794 1460 866 doceret
1497 791 1644 864 Frideri·

319 929 395 976 curn
417 909 465 1018 de⁴
485 908 662 1000 colloquiis
685 911 808 980 habitis
833 914 1021 984 communis
1050 913 1219 1004 religionis
1247 938 1393 996 caussa,
1418 933 1643 1004 rogaretque,

233 1043 237 1050 '
319 1028 481 1118 quoniam
506 1028 600 1100 nulla
625 1051 699 1118 spes
725 1049 797 1100 erat
823 1029 969 1101 melioris
995 1033 1130 1118 exitus,
1155 1034 1273 1106 velut
1298 1035 1508 1124 pervicacem
1531 1035 1670 1110 haere

281 1195 284 1202 ι
321 1146 428 1218 ticum
453 1152 591 1220 Romam
614 1148 850 1218 deducendum
876 1171 1021 1238 curaret,
1038 1154 1091 1224 vel
1115 1175 1190 1228 ute
1220 1180 1281 1238 sua
1305 1151 1487 1246 expelleret
1501 1131 1647 1227 ditione.

320 1269 366 1338 At
392 1267 421 1340 is
446 1271 577 1342 minime
601 1268 821 1342 deserendum
847 1271 982 1359 putavit
1006 1273 1200 1354 hominem,
1227 1300 1246 1346 a
1273 1299 1351 1367 quo·
1366 1298 1462 1346 suam
1482 1275 1649 1346 Wittetn·

319 1389 516 1480 bergensem
541 1391 778 1466 Academiam.
813 1416 874 1481 pro
898 1418 966 1484 qua
993 1394 1201 1472 instituenda
1225 1395 1442 1485 ornandaque
1472 1412 1525 1464 tot
1549 1416 1648 1466 sunt·

318 1529 395 1601 ptus
423 1511 566 1595 fecerat,
593 1533 713 1606 totque
738 1513 871 1586 labores
895 1533 1112 1604 susceperat,
1133 1513 1313 1606 plurimnm
1337 1513 1543 1588 celebritatis
1560 1513 1649 1592 acci·

319 1655 398 1723 pere
421 1633 576 1708 dicebat:
603 1658 680 1706 narn
703 1659 843 1727 magnus
870 1639 913 1708 ad
937 1659 1014 1707 eunt
1056 1661 1100 1708 ex
1137 1639 1295 1710 universa
1329 1635 1510 1714 Germania
1547 1632 1653 1704 fiebat

316 1757 566 1846 discipulorum
591 1779 805 1831 concursus.
830 1757 966 1829 Minime
991 1757 1149 1832 Pontifex
1185 1785 1253 1831 rern
1296 1756 1464 1848 neglexit,
1498 1753 1647 1842 dumque

315 1871 439 1946 litteris
465 1877 665 1970 nunciisque
699 1879 854 1950 omnibus
894 1880 966 1950 sere
1001 1879 1204 1950 Germaniae
1238 1877 1446 1964 Principibus
1482 1893 1649 1962 propone·

316 1992 377 2064 bat
401 1995 575 2085 pericula,
601 1985 688 2089 quae
713 1999 752 2070 iis
775 2002 807 2066 bc
834 1999 1016 2070 universae
1032 1999 1247 2070 Christianae
1265 1993 1476 2084 Reipublicae
1491 2015 1532 2062 ex
1548 1991 1647 2061 unius

315 2115 463 2186 hominis
488 2116 627 2188 licentia
653 2119 890 2206 imminebant,
916 2119 1019 2190 etiarn
1046 2141 1149 2210 arque
1173 2118 1277 2188 etiam
1303 2117 1395 2204 ipsos
1419 2114 1647 2192 hortabatur,

315 2255 358 2306 ne
383 2260 502 2326 segnes
526 2257 639 2308 essent
665 2240 700 2310 in
726 2241 910 2313 avertenda
932 2239 1100 2310 malorum
1125 2259 1264 2318 caussa,
1289 2258 1374 2325 qnae
1398 2234 1583 2318 deteriora,
1608 2252 1646 2303 ut

314 2377 359 2427 ex
382 2356 593 2449 longinquo,
618 2358 886 2430 nunciabantur.
922 2363 1010 2432 Turn
1036 2358 1204 2430 Lutherus
1227 2357 1375 2428 diffidere
1400 2355 1509 2442 coepit
1549 2353 1647 2424 rebus
1744 2380 1747 2388 ¹

315 2476 413 2556 auis,
436 2478 496 2548 sed
521 2476 556 2546 in
582 2477 702 2550 timore
728 2501 901 2571 nunquam
928 2478 1023 2550 illum
1055 2476 1206 2548 deseruit
1239 2477 1373 2564 ,animus
1408 2479 1441 2546 dt
1483 2471 1646 2556 audacia,

308 2595 467 2688 ¹favitque
492 2595 543 2668 illi
567 2597 726 2684 fortuna,
752 2599 846 2689 quod
870 2620 1012 2670 mortem
1048 2599 1173 2670 obierit
1209 2594 1460 2670 Maximilianus
1497 2597 1648 2682 Caesar,

314 2718 406 2806 apud
430 2741 530 2809 quern
555 2718 722 2808 gratia&
747 2741 863 2808 preces
896 2716 1064 2790 Pontificis
1090 2717 1269 2806 plurimum
1295 2740 1395 2806 posse
1421 2715 1648 2786 videbantur.

314 2840 407 2910 Vixit
430 2838 487 2910 ille
510 2840 643 2930 quidem
668 2838 749 2908 satis
775 2835 954 2929 tranquille
979 2839 1013 2908 in
1038 2839 1186 2910 Saxonia
1211 2855 1286 2908 toto
1312 2837 1371 2906 illo
1405 2835 1564 2924 temporis
1591 2833 1649 2904 in·

313 2957 460 3031 tervallo
484 2955 584 3042 (fuit
608 2956 673 3030 hoc
695 2956 846 3049 quinque
887 2957 1053 3032 mensium
1079 2965 1113 3032 bc
1152 2958 1281 3030 dierum
1315 2955 1470 3042 decem)
1496 2975 1566 3044 quo
1601 2951 1644 3027 de

312 3101 407 3150 novo
430 3077 576 3150 creando
599 3067 743 3149 Caesare
768 3077 978 3152 decertatum
1003 3098 1074 3150 est.
1100 3082 1185 3150 Nam
1211 3078 1332 3150 Leonis
1358 3076 1406 3148 ira
1431 3073 1539 3166 perid
1563 3092 1648 3150 tem·

312 3200 407 3287 poris
432 3198 625 3286 conticuit,
649 3199 731 3293 quia
758 3225 778 3271 a
802 3223 839 3272 se
863 3199 998 3271 minime
1026 3199 1171 3270 alienare
1199 3197 1335 3270 volebat
1355 3195 1567 3268 voluntatem
1589 3195 1651 3266 Sa·

311 3319 437 3392 xoniae
461 3315 644 3403 Eleclotis,
668 3321 767 3414 cujus
792 3324 914 3412 magna'
937 3337 1010 3390 crat
1047 3315 1230 3390 attdoritas
1262 3318 1297 3388 in
1331 3313 1541 3388 Caesarianis
1580 3310 1646 3384 illis

312 3439 480 3512 comitiis.
503 3438 681 3520 Tandem,
707 3458 888 3531 postquam
914 3441 980 3530 jam
1015 3437 1195 3510 Novembri
1222 3459 1335 3510 mense
1377 3416 1437 3506 atr,
1473 3451 1646 3510 murrum.

310 3557 517 3631 solemnibus
549 3559 661 3630 verbis
687 3555 918 3630 declaraverat
949 3557 1069 3632 fac‘lam
1095 3583 1115 3630 a
1140 3559 1214 3628 Deo
1241 3555 1403 3629 Romanis
1427 3553 1644 3626 Pontificibus

309 3675 420 3752 tuisse
444 3695 646 3765 potestatem
670 3677 854 3769 elargiendi
876 3677 1129 3769 Indulgentiae,
1155 3677 1190 3747 in
1216 3675 1339 3768 vulgus
1376 3674 1478 3748 edidit
1503 3668 1643 3764 (omne

309 3794 400 3866 enim
424 3795 622 3870 dilationem
645 3819 698 3870 res
720 3797 789 3887 pati
824 3803 992 3889 poterat)
1026 3793 1157 3870 litteras
1195 3795 1269 3866 illas
1305 3797 1404 3866 datas
1432 3811 1533 3868 xvn.
1569 3791 1641 3864 Kal.

308 3914 384 3988 Jutii
408 3941 461 3990 an.
487 3892 617 4020 motlx.
639 3919 761 4012 quibus
775 3942 907 3992 omnem
923 3917 1166 4010 turpitudinem
1196 3935 1299 4008 atque
1323 3915 1497 3986 infamiam
1516 3910 1639 3982 inussit

308 4037 480 4123 Luthero,
505 4038 646 4131 ejusque
671 4039 833 4127 scriptis.
860 4041 987 4112 Harum
1015 4037 1265 4111 scribendarum
1287 4033 1475 4104 litterarum
1500 4031 1644 4102 manda-
1680 4088 1682 4092 .

308 4175 383 4232 tum
409 4159 603 4248 praesertim
627 4159 786 4244 dederat,
812 4177 992 4250 postquam
1023 4181 1077 4228 res
1099 4159 1160 4230 diu
1186 4163 1218 4227 δι
1244 4152 1387 4226 multum
1413 4151 1539 4241 agitata
1554 4149 1642 4222 nus·

308 4297 362 4352 set
388 4279 423 4352 in
450 4280 592 4354 concilio
618 4277 872 4368 Theologorutu
897 4273 1277 4348 &iurisconsultorum
1307 4271 1420 4360 (fir),
1444 4271 1637 4345 Cardinali·

308 4401 372 4474 bus
407 4399 589 4474 Latrrentio
624 4397 774 4482 Paccio,
809 4403 844 4470 δι
877 4399 979 4467 Petro
1010 4390 1151 4462 Accolto
1180 4395 1401 4464 Anconitano
1434 4394 1642 4484 Episcopo,

307 4519 397 4596 inter
421 4541 509 4616 quos
532 4540 654 4614 magna
670 4516 846 4592 contentio
870 4515 975 4590 fuisse
989 4511 1139 4604 dicitur,
1160 4515 1244 4588 ‘cun
1267 4531 1411 4606 utaque
1434 4535 1636 4604 suumopus
1667 4499 1672 4510 ’
