<?xml version="1.0" encoding="UTF-8"?>
<!DOCTYPE html PUBLIC "-//W3C//DTD XHTML 1.0 Transitional//EN"
    "http://www.w3.org/TR/xhtml1/DTD/xhtml1-transitional.dtd">
<html xmlns="http://www.w3.org/1999/xhtml" xml:lang="en" lang="en">
 <head>
  <title>
</title>
<meta http-equiv="Content-Type" content="text/html;charset=utf-8" />
  <meta name='ocr-system' content='tesseract 3.04.00' />
  <meta name='ocr-capabilities' content='ocr_page ocr_carea ocr_par ocr_line ocrx_word'/>
</head>
<body>
  <div class='ocr_page' id='page_1' title='image "./leonisxpontific00fabrgoog_0172.png"; bbox 0 0 4372 5842; ppageno 0'>
   <div class='ocr_carea' id='block_1_1' title="bbox 606 703 1656 1296">
    <p class='ocr_par' dir='ltr' id='par_1_1' title="bbox 606 703 1656 1296">
     <span class='ocr_line' id='line_1_1' title="bbox 658 703 1572 801; baseline 0.004 -19"><span class='ocrx_word' id='word_1_1' title='bbox 658 715 726 801; x_wconf 59' lang='lat' dir='ltr'>rua</span> <span class='ocrx_word' id='word_1_2' title='bbox 938 730 943 740; x_wconf 93' lang='lat'>·</span> <span class='ocrx_word' id='word_1_3' title='bbox 1065 713 1092 780; x_wconf 85' lang='lat' dir='ltr'>L</span> <span class='ocrx_word' id='word_1_4' title='bbox 1139 711 1166 785; x_wconf 83' lang='lat' dir='ltr'><strong>E</strong></span> <span class='ocrx_word' id='word_1_5' title='bbox 1214 717 1246 784; x_wconf 73' lang='grc' dir='ltr'><strong>θ</strong></span> <span class='ocrx_word' id='word_1_6' title='bbox 1295 715 1326 784; x_wconf 84' lang='grc' dir='ltr'>Ν</span> <span class='ocrx_word' id='word_1_7' title='bbox 1370 716 1391 785; x_wconf 83' lang='lat' dir='ltr'>l</span> <span class='ocrx_word' id='word_1_8' title='bbox 1437 715 1459 786; x_wconf 87' lang='lat' dir='ltr'>S</span> <span class='ocrx_word' id='word_1_9' title='bbox 1518 703 1572 786; x_wconf 78' lang='lat' dir='ltr'>ll.</span> 
     </span>
     <span class='ocr_line' id='line_1_2' title="bbox 606 927 1195 1056; baseline 0.012 -38"><span class='ocrx_word' id='word_1_10' title='bbox 606 951 638 1018; x_wconf 77' lang='lat' dir='ltr'>lt</span> <span class='ocrx_word' id='word_1_11' title='bbox 662 953 735 1024; x_wconf 86' lang='lat' dir='ltr'>sine</span> <span class='ocrx_word' id='word_1_12' title='bbox 758 927 853 1026; x_wconf 87' lang='lat' dir='ltr'>mora</span> <span class='ocrx_word' id='word_1_13' title='bbox 878 952 1050 1044; x_wconf 83' lang='lat' dir='ltr'>respondit</span> <span class='ocrx_word' id='word_1_14' title='bbox 1077 953 1195 1056; x_wconf 53' lang='lat' dir='ltr'>Leon</span> 
     </span>
     <span class='ocr_line' id='line_1_3' title="bbox 799 1171 1656 1296; baseline -0.002 -30"><span class='ocrx_word' id='word_1_15' title='bbox 799 1180 877 1266; x_wconf 75' lang='lat' dir='ltr'>Hoc</span> <span class='ocrx_word' id='word_1_16' title='bbox 901 1195 987 1268; x_wconf 81' lang='lat' dir='ltr'>enirn</span> <span class='ocrx_word' id='word_1_17' title='bbox 1007 1213 1166 1286; x_wconf 81' lang='lat' dir='ltr'>enervet,</span> <span class='ocrx_word' id='word_1_18' title='bbox 1188 1195 1402 1296; x_wconf 71' lang='lat' dir='ltr'>debilitasque</span> <span class='ocrx_word' id='word_1_19' title='bbox 1421 1193 1557 1293; x_wconf 78' lang='lat' dir='ltr'>pedes:</span> <span class='ocrx_word' id='word_1_20' title='bbox 1640 1171 1656 1232; x_wconf 49' lang='lat'>&#39;-</span> 
     </span>
    </p>
   </div>
   <div class='ocr_carea' id='block_1_2' title="bbox 607 1433 1940 1651">
    <p class='ocr_par' dir='ltr' id='par_1_2' title="bbox 607 1433 1940 1651">
     <span class='ocr_line' id='line_1_4' title="bbox 608 1433 1940 1542; baseline 0.002 -36"><span class='ocrx_word' id='word_1_21' title='bbox 608 1435 757 1527; x_wconf 74' lang='lat' dir='ltr'>podagra</span> <span class='ocrx_word' id='word_1_22' title='bbox 780 1435 868 1507; x_wconf 85' lang='lat' dir='ltr'>eninr</span> <span class='ocrx_word' id='word_1_23' title='bbox 892 1434 937 1506; x_wconf 91' lang='lat' dir='ltr'>ob</span> <span class='ocrx_word' id='word_1_24' title='bbox 961 1433 1060 1532; x_wconf 75' lang='lat' dir='ltr'>gulae</span> <span class='ocrx_word' id='word_1_25' title='bbox 1085 1437 1375 1529; x_wconf 82' lang='lat' dir='ltr'>intemperantiam</span> <span class='ocrx_word' id='word_1_26' title='bbox 1398 1439 1594 1512; x_wconf 79' lang='lat' dir='ltr'><strong>laborabat.</strong></span> <span class='ocrx_word' id='word_1_27' title='bbox 1617 1435 1830 1542; x_wconf 70' lang='lat' dir='ltr'>Quandoque</span> <span class='ocrx_word' id='word_1_28' title='bbox 1853 1457 1940 1508; x_wconf 85' lang='lat' dir='ltr'>eon·</span> 
     </span>
     <span class='ocr_line' id='line_1_5' title="bbox 607 1556 1903 1651; baseline -0.005 -23"><span class='ocrx_word' id='word_1_29' title='bbox 607 1577 805 1649; x_wconf 80' lang='lat' dir='ltr'>querentem</span> <span class='ocrx_word' id='word_1_30' title='bbox 829 1556 872 1628; x_wconf 89' lang='lat' dir='ltr'>de</span> <span class='ocrx_word' id='word_1_31' title='bbox 897 1556 1012 1648; x_wconf 87' lang='lat' dir='ltr'>inopia</span> <span class='ocrx_word' id='word_1_32' title='bbox 1037 1558 1278 1648; x_wconf 85' lang='lat' dir='ltr'>Archipoetarn</span> <span class='ocrx_word' id='word_1_33' title='bbox 1303 1566 1370 1633; x_wconf 86' lang='lat' dir='ltr'>Leo</span> <span class='ocrx_word' id='word_1_34' title='bbox 1393 1563 1461 1633; x_wconf 88' lang='lat' dir='ltr'>hoc</span> <span class='ocrx_word' id='word_1_35' title='bbox 1485 1562 1632 1632; x_wconf 82' lang='lat' dir='ltr'>carmine</span> <span class='ocrx_word' id='word_1_36' title='bbox 1656 1557 1903 1651; x_wconf 79' lang='lat' dir='ltr'>interrogavit.-</span> 
     </span>
    </p>
   </div>
   <div class='ocr_carea' id='block_1_3' title="bbox 802 1795 1810 1878">
    <p class='ocr_par' dir='ltr' id='par_1_3' title="bbox 802 1795 1810 1878">
     <span class='ocr_line' id='line_1_6' title="bbox 802 1795 1810 1878; baseline 0.001 -7"><span class='ocrx_word' id='word_1_37' title='bbox 802 1799 874 1872; x_wconf 83' lang='lat' dir='ltr'>Dt&#39;a</span> <span class='ocrx_word' id='word_1_38' title='bbox 898 1797 978 1870; x_wconf 81' lang='lat' dir='ltr'>milri</span> <span class='ocrx_word' id='word_1_39' title='bbox 1001 1817 1064 1870; x_wconf 83' lang='lat' dir='ltr'>cur</span> <span class='ocrx_word' id='word_1_40' title='bbox 1084 1799 1169 1872; x_wconf 85' lang='lat' dir='ltr'>ditet</span> <span class='ocrx_word' id='word_1_41' title='bbox 1197 1821 1265 1872; x_wconf 85' lang='lat' dir='ltr'>non</span> <span class='ocrx_word' id='word_1_42' title='bbox 1288 1801 1453 1878; x_wconf 80' lang='lat' dir='ltr'>cernimus</span> <span class='ocrx_word' id='word_1_43' title='bbox 1476 1823 1550 1878; x_wconf 85' lang='lat' dir='ltr'>etse</span> <span class='ocrx_word' id='word_1_44' title='bbox 1574 1795 1742 1877; x_wconf 78' lang='lat' dir='ltr'>Poetae?</span> <span class='ocrx_word' id='word_1_45' title='bbox 1805 1827 1810 1836; x_wconf 92' lang='lat'><em>·</em></span> 
     </span>
    </p>
   </div>
   <div class='ocr_carea' id='block_1_4' title="bbox 608 2035 1562 2620">
    <p class='ocr_par' dir='ltr' id='par_1_4' title="bbox 608 2035 1562 2620">
     <span class='ocr_line' id='line_1_7' title="bbox 608 2035 1092 2131; baseline 0 -25"><span class='ocrx_word' id='word_1_46' title='bbox 608 2039 789 2131; x_wconf 80' lang='lat' dir='ltr'>statimque</span> <span class='ocrx_word' id='word_1_47' title='bbox 814 2035 990 2128; x_wconf 86' lang='lat' dir='ltr'>respondit</span> <span class='ocrx_word' id='word_1_48' title='bbox 1012 2035 1092 2109; x_wconf 87' lang='lat' dir='ltr'>ille:</span> 
     </span>
     <span class='ocr_line' id='line_1_8' title="bbox 802 2277 1562 2380; baseline -0.003 -23"><span class='ocrx_word' id='word_1_49' title='bbox 802 2281 873 2357; x_wconf 80' lang='lat' dir='ltr'>Dis</span> <span class='ocrx_word' id='word_1_50' title='bbox 891 2277 1027 2375; x_wconf 78' lang='lat' dir='ltr'>fierent,</span> <span class='ocrx_word' id='word_1_51' title='bbox 1047 2277 1146 2374; x_wconf 77' lang='lat' dir='ltr'>fieret</span> <span class='ocrx_word' id='word_1_52' title='bbox 1167 2281 1197 2356; x_wconf 81' lang='lat' dir='ltr'>si</span> <span class='ocrx_word' id='word_1_53' title='bbox 1221 2280 1431 2358; x_wconf 71' lang='lat' dir='ltr'>miluinam</span> <span class='ocrx_word' id='word_1_54' title='bbox 1454 2285 1562 2380; x_wconf 82' lang='lat' dir='ltr'>Opis.</span> 
     </span>
     <span class='ocr_line' id='line_1_9' title="bbox 609 2521 1275 2620; baseline 0.003 -28"><span class='ocrx_word' id='word_1_55' title='bbox 609 2524 673 2599; x_wconf 84' lang='lat' dir='ltr'>Vix</span> <span class='ocrx_word' id='word_1_56' title='bbox 696 2523 856 2616; x_wconf 78' lang='lat' dir='ltr'>dixerat,</span> <span class='ocrx_word' id='word_1_57' title='bbox 881 2541 959 2597; x_wconf 87' lang='lat' dir='ltr'>cum</span> <span class='ocrx_word' id='word_1_58' title='bbox 982 2521 1156 2620; x_wconf 86' lang='lat' dir='ltr'>subjunxit</span> <span class='ocrx_word' id='word_1_59' title='bbox 1180 2523 1275 2599; x_wconf 80' lang='lat' dir='ltr'>Leo.-</span> 
     </span>
    </p>
   </div>
   <div class='ocr_carea' id='block_1_5' title="bbox 807 2765 1796 2989">
    <p class='ocr_par' dir='ltr' id='par_1_5' title="bbox 807 2765 1796 2989">
     <span class='ocr_line' id='line_1_10' title="bbox 807 2765 1796 2870; baseline 0 -27"><span class='ocrx_word' id='word_1_60' title='bbox 807 2767 913 2864; x_wconf 79' lang='lat' dir='ltr'>Cttlpn</span> <span class='ocrx_word' id='word_1_61' title='bbox 937 2785 996 2842; x_wconf 84' lang='lat' dir='ltr'>tun</span> <span class='ocrx_word' id='word_1_62' title='bbox 1019 2784 1092 2843; x_wconf 84' lang='lat' dir='ltr'>ert.-</span> <span class='ocrx_word' id='word_1_63' title='bbox 1127 2767 1212 2841; x_wconf 79' lang='lat' dir='ltr'>vitio</span> <span class='ocrx_word' id='word_1_64' title='bbox 1236 2765 1354 2864; x_wconf 79' lang='lat' dir='ltr'>ignavi</span> <span class='ocrx_word' id='word_1_65' title='bbox 1378 2787 1452 2870; x_wconf 78' lang='lat' dir='ltr'>eunt</span> <span class='ocrx_word' id='word_1_66' title='bbox 1477 2769 1634 2842; x_wconf 81' lang='lat' dir='ltr'>torminis</span> <span class='ocrx_word' id='word_1_67' title='bbox 1660 2769 1796 2867; x_wconf 62' lang='lat' dir='ltr'>Opera}</span> 
     </span>
     <span class='ocr_line' id='line_1_11' title="bbox 857 2887 1743 2989; baseline 0 -28"><span class='ocrx_word' id='word_1_68' title='bbox 857 2888 965 2982; x_wconf 82' lang='lat' dir='ltr'>Quam</span> <span class='ocrx_word' id='word_1_69' title='bbox 990 2887 1107 2989; x_wconf 80' lang='lat' dir='ltr'>reliqui</span> <span class='ocrx_word' id='word_1_70' title='bbox 1135 2889 1293 2988; x_wconf 81' lang='lat' dir='ltr'>longam,</span> <span class='ocrx_word' id='word_1_71' title='bbox 1318 2906 1355 2963; x_wconf 84' lang='lat' dir='ltr'>tu</span> <span class='ocrx_word' id='word_1_72' title='bbox 1374 2889 1465 2984; x_wconf 80' lang='lat' dir='ltr'>setis</span> <span class='ocrx_word' id='word_1_73' title='bbox 1490 2913 1563 2964; x_wconf 85' lang='lat' dir='ltr'>etse</span> <span class='ocrx_word' id='word_1_74' title='bbox 1587 2887 1743 2965; x_wconf 80' lang='lat' dir='ltr'>breuem.</span> 
     </span>
    </p>
   </div>
   <div class='ocr_carea' id='block_1_6' title="bbox 598 3129 1952 4313">
    <p class='ocr_par' dir='ltr' id='par_1_6' title="bbox 598 3129 1952 4313">
     <span class='ocr_line' id='line_1_12' title="bbox 598 3129 1938 3226; baseline 0 -23"><span class='ocrx_word' id='word_1_75' title='bbox 598 3131 721 3217; x_wconf 80' lang='lat' dir='ltr'>¹&#39;restis</span> <span class='ocrx_word' id='word_1_76' title='bbox 745 3149 799 3205; x_wconf 86' lang='lat' dir='ltr'>est</span> <span class='ocrx_word' id='word_1_77' title='bbox 822 3131 1004 3221; x_wconf 84' lang='lat' dir='ltr'>Gyraldius</span> <span class='ocrx_word' id='word_1_78' title='bbox 1022 3137 1183 3206; x_wconf 84' lang='lat' dir='ltr'>loannem</span> <span class='ocrx_word' id='word_1_79' title='bbox 1207 3153 1343 3226; x_wconf 88' lang='lat' dir='ltr'>quoque</span> <span class='ocrx_word' id='word_1_80' title='bbox 1368 3129 1555 3205; x_wconf 82' lang='lat' dir='ltr'>Gazoldunr</span> <span class='ocrx_word' id='word_1_81' title='bbox 1587 3131 1723 3224; x_wconf 80' lang='lat' dir='ltr'>saepius</span> <span class='ocrx_word' id='word_1_82' title='bbox 1747 3129 1791 3204; x_wconf 91' lang='lat' dir='ltr'>ob</span> <span class='ocrx_word' id='word_1_83' title='bbox 1806 3131 1938 3222; x_wconf 89' lang='lat' dir='ltr'>ineptos</span> 
     </span>
     <span class='ocr_line' id='line_1_13' title="bbox 604 3237 1943 3348; baseline 0.003 -28"><span class='ocrx_word' id='word_1_84' title='bbox 604 3270 726 3324; x_wconf 79' lang='lat' dir='ltr'>versus</span> <span class='ocrx_word' id='word_1_85' title='bbox 751 3257 786 3325; x_wconf 79' lang='lat' dir='ltr'>bt</span> <span class='ocrx_word' id='word_1_86' title='bbox 811 3254 1041 3326; x_wconf 81' lang='lat' dir='ltr'>claudicantes</span> <span class='ocrx_word' id='word_1_87' title='bbox 1075 3253 1162 3324; x_wconf 88' lang='lat' dir='ltr'>male</span> <span class='ocrx_word' id='word_1_88' title='bbox 1185 3251 1378 3325; x_wconf 74' lang='lat' dir='ltr'>muldlatunt</span> <span class='ocrx_word' id='word_1_89' title='bbox 1396 3277 1424 3345; x_wconf 84' lang='lat' dir='ltr'>a</span> <span class='ocrx_word' id='word_1_90' title='bbox 1447 3257 1560 3330; x_wconf 85' lang='lat' dir='ltr'>Leone</span> <span class='ocrx_word' id='word_1_91' title='bbox 1585 3251 1737 3348; x_wconf 82' lang='lat' dir='ltr'>flagris,</span> <span class='ocrx_word' id='word_1_92' title='bbox 1770 3257 1803 3323; x_wconf 80' lang='lat' dir='ltr'>bt</span> <span class='ocrx_word' id='word_1_93' title='bbox 1818 3284 1821 3290; x_wconf 95' lang='lat'>·</span> <span class='ocrx_word' id='word_1_94' title='bbox 1837 3237 1943 3324; x_wconf 80' lang='lat' dir='ltr'>fabu-</span> 
     </span>
     <span class='ocr_line' id='line_1_14' title="bbox 609 3365 1943 3470; baseline 0.004 -30"><span class='ocrx_word' id='word_1_95' title='bbox 609 3368 678 3441; x_wconf 88' lang='lat' dir='ltr'>larn</span> <span class='ocrx_word' id='word_1_96' title='bbox 701 3374 855 3446; x_wconf 89' lang='lat' dir='ltr'>omnibus</span> <span class='ocrx_word' id='word_1_97' title='bbox 881 3373 1031 3462; x_wconf 75' lang='lat' dir='ltr'>fadum,</span> <span class='ocrx_word' id='word_1_98' title='bbox 1056 3379 1090 3448; x_wconf 77' lang='lat' dir='ltr'>bt</span> <span class='ocrx_word' id='word_1_99' title='bbox 1116 3375 1226 3465; x_wconf 86' lang='lat' dir='ltr'>ipsum</span> <span class='ocrx_word' id='word_1_100' title='bbox 1263 3365 1505 3467; x_wconf 77' lang='lat' dir='ltr'>Arellipoetarn</span> <span class='ocrx_word' id='word_1_101' title='bbox 1548 3399 1569 3450; x_wconf 88' lang='lat' dir='ltr'>a</span> <span class='ocrx_word' id='word_1_102' title='bbox 1605 3400 1759 3470; x_wconf 78' lang='lat' dir='ltr'>ganeone</span> <span class='ocrx_word' id='word_1_103' title='bbox 1793 3375 1943 3468; x_wconf 86' lang='lat' dir='ltr'>quodam</span> 
     </span>
     <span class='ocr_line' id='line_1_15' title="bbox 608 3488 1940 3590; baseline 0.006 -34"><span class='ocrx_word' id='word_1_104' title='bbox 608 3488 768 3577; x_wconf 85' lang='lat' dir='ltr'>auribus,</span> <span class='ocrx_word' id='word_1_105' title='bbox 794 3489 936 3584; x_wconf 72' lang='lat' dir='ltr'>&amp;pene</span> <span class='ocrx_word' id='word_1_106' title='bbox 960 3494 1097 3566; x_wconf 88' lang='lat' dir='ltr'>naribus</span> <span class='ocrx_word' id='word_1_107' title='bbox 1120 3493 1347 3568; x_wconf 88' lang='lat' dir='ltr'>deformatum</span> <span class='ocrx_word' id='word_1_108' title='bbox 1372 3493 1504 3570; x_wconf 82' lang='lat' dir='ltr'>fuisse·</span> <span class='ocrx_word' id='word_1_109' title='bbox 1530 3501 1618 3573; x_wconf 84' lang='lat' dir='ltr'>Suos</span> <span class='ocrx_word' id='word_1_110' title='bbox 1657 3513 1811 3590; x_wconf 84' lang='lat' dir='ltr'>quaeque</span> <span class='ocrx_word' id='word_1_111' title='bbox 1836 3512 1940 3567; x_wconf 82' lang='lat' dir='ltr'>aetas</span> 
     </span>
     <span class='ocr_line' id='line_1_16' title="bbox 606 3607 1947 3712; baseline 0.009 -35"><span class='ocrx_word' id='word_1_112' title='bbox 606 3607 728 3682; x_wconf 81' lang='lat' dir='ltr'>babuit</span> <span class='ocrx_word' id='word_1_113' title='bbox 753 3611 946 3688; x_wconf 85' lang='lat' dir='ltr'>inconditos</span> <span class='ocrx_word' id='word_1_114' title='bbox 971 3619 1005 3688; x_wconf 80' lang='lat' dir='ltr'>bt</span> <span class='ocrx_word' id='word_1_115' title='bbox 1024 3614 1131 3688; x_wconf 89' lang='lat' dir='ltr'>malos</span> <span class='ocrx_word' id='word_1_116' title='bbox 1164 3637 1304 3706; x_wconf 86' lang='lat' dir='ltr'>poetas,</span> <span class='ocrx_word' id='word_1_117' title='bbox 1342 3616 1409 3712; x_wconf 83' lang='lat' dir='ltr'>alia</span> <span class='ocrx_word' id='word_1_118' title='bbox 1430 3619 1602 3706; x_wconf 85' lang='lat' dir='ltr'>Suffenus,</span> <span class='ocrx_word' id='word_1_119' title='bbox 1637 3621 1819 3712; x_wconf 64' lang='lat' dir='ltr'>Anulum,</span> <span class='ocrx_word' id='word_1_120' title='bbox 1854 3619 1947 3689; x_wconf 86' lang='lat' dir='ltr'>Cae·</span> 
     </span>
     <span class='ocr_line' id='line_1_17' title="bbox 609 3715 1944 3826; baseline 0.004 -26"><span class='ocrx_word' id='word_1_121' title='bbox 609 3728 705 3816; x_wconf 82' lang='lat' dir='ltr'>sios,</span> <span class='ocrx_word' id='word_1_122' title='bbox 721 3729 788 3803; x_wconf 91' lang='lat' dir='ltr'>alia</span> <span class='ocrx_word' id='word_1_123' title='bbox 811 3733 984 3822; x_wconf 85' lang='lat' dir='ltr'>Maevius,</span> <span class='ocrx_word' id='word_1_124' title='bbox 1009 3715 1154 3825; x_wconf 81' lang='lat' dir='ltr'>baulos,</span> <span class='ocrx_word' id='word_1_125' title='bbox 1170 3733 1237 3810; x_wconf 90' lang='lat' dir='ltr'>alia</span> <span class='ocrx_word' id='word_1_126' title='bbox 1253 3726 1528 3826; x_wconf 58' lang='lat' dir='ltr'>Architbrenion</span> <span class='ocrx_word' id='word_1_127' title='bbox 1546 3740 1697 3821; x_wconf 82' lang='lat' dir='ltr'>Alanos,</span> <span class='ocrx_word' id='word_1_128' title='bbox 1715 3737 1944 3812; x_wconf 80' lang='lat' dir='ltr'>Anticlaudia·</span> 
     </span>
     <span class='ocr_line' id='line_1_18' title="bbox 606 3854 1944 3954; baseline 0.007 -33"><span class='ocrx_word' id='word_1_129' title='bbox 606 3871 675 3923; x_wconf 79' lang='lat' dir='ltr'>aros</span> <span class='ocrx_word' id='word_1_130' title='bbox 692 3899 701 3933; x_wconf 84' lang='lat'><strong>‚</strong></span> <span class='ocrx_word' id='word_1_131' title='bbox 716 3873 819 3926; x_wconf 86' lang='lat' dir='ltr'>aurea</span> <span class='ocrx_word' id='word_1_132' title='bbox 833 3854 955 3928; x_wconf 83' lang='lat' dir='ltr'>Leonis</span> <span class='ocrx_word' id='word_1_133' title='bbox 970 3858 1154 3952; x_wconf 85' lang='lat' dir='ltr'>Quernas,</span> <span class='ocrx_word' id='word_1_134' title='bbox 1178 3856 1349 3932; x_wconf 86' lang='lat' dir='ltr'>Gazoldos</span> <span class='ocrx_word' id='word_1_135' title='bbox 1374 3865 1407 3934; x_wconf 78' lang='lat' dir='ltr'>bt</span> <span class='ocrx_word' id='word_1_136' title='bbox 1423 3862 1618 3947; x_wconf 88' lang='lat' dir='ltr'>Britonios‚</span> <span class='ocrx_word' id='word_1_137' title='bbox 1643 3883 1788 3954; x_wconf 74' lang='lat' dir='ltr'>quorum</span> <span class='ocrx_word' id='word_1_138' title='bbox 1801 3857 1944 3948; x_wconf 84' lang='lat' dir='ltr'>ineptias</span> 
     </span>
     <span class='ocr_line' id='line_1_19' title="bbox 608 3969 1945 4073; baseline 0.004 -31"><span class='ocrx_word' id='word_1_139' title='bbox 608 3969 823 4044; x_wconf 80' lang='lat' dir='ltr'>&amp;stttltitias</span> <span class='ocrx_word' id='word_1_140' title='bbox 847 3973 976 4049; x_wconf 89' lang='lat' dir='ltr'>ridebat</span> <span class='ocrx_word' id='word_1_141' title='bbox 1002 3979 1180 4066; x_wconf 81' lang='lat' dir='ltr'>Pontifex,</span> <span class='ocrx_word' id='word_1_142' title='bbox 1196 3981 1404 4053; x_wconf 81' lang='lat' dir='ltr'>devorabant</span> <span class='ocrx_word' id='word_1_143' title='bbox 1420 3997 1503 4053; x_wconf 78' lang='lat' dir='ltr'>tero</span> <span class='ocrx_word' id='word_1_144' title='bbox 1528 3980 1747 4073; x_wconf 86' lang='lat' dir='ltr'>ii,-quorum</span> <span class='ocrx_word' id='word_1_145' title='bbox 1773 3979 1809 4049; x_wconf 88' lang='lat' dir='ltr'>in</span> <span class='ocrx_word' id='word_1_146' title='bbox 1833 3997 1945 4048; x_wconf 89' lang='lat' dir='ltr'>mente</span> 
     </span>
     <span class='ocr_line' id='line_1_20' title="bbox 610 4088 1952 4186; baseline 0.01 -32"><span class='ocrx_word' id='word_1_147' title='bbox 610 4088 810 4162; x_wconf 80' lang='lat' dir='ltr'>excellentis</span> <span class='ocrx_word' id='word_1_148' title='bbox 825 4094 937 4183; x_wconf 85' lang='lat' dir='ltr'>poesis</span> <span class='ocrx_word' id='word_1_149' title='bbox 952 4096 1075 4186; x_wconf 83' lang='lat' dir='ltr'>species</span> <span class='ocrx_word' id='word_1_150' title='bbox 1093 4099 1281 4171; x_wconf 80' lang='lat' dir='ltr'>insidebat.</span> <span class='ocrx_word' id='word_1_151' title='bbox 1307 4103 1358 4172; x_wconf 80' lang='lat' dir='ltr'>Er</span> <span class='ocrx_word' id='word_1_152' title='bbox 1381 4101 1434 4172; x_wconf 88' lang='lat' dir='ltr'>his</span> <span class='ocrx_word' id='word_1_153' title='bbox 1459 4121 1548 4174; x_wconf 86' lang='lat' dir='ltr'>unus</span> <span class='ocrx_word' id='word_1_154' title='bbox 1567 4102 1695 4174; x_wconf 85' lang='lat' dir='ltr'>Mutius</span> <span class='ocrx_word' id='word_1_155' title='bbox 1711 4095 1869 4174; x_wconf 83' lang='lat' dir='ltr'>Aurelius</span> <span class='ocrx_word' id='word_1_156' title='bbox 1894 4118 1952 4186; x_wconf 85' lang='lat' dir='ltr'>pa·</span> 
     </span>
     <span class='ocr_line' id='line_1_21' title="bbox 607 4205 1951 4313; baseline 0.007 -38"><span class='ocrx_word' id='word_1_157' title='bbox 607 4205 676 4278; x_wconf 88' lang='lat' dir='ltr'>tria</span> <span class='ocrx_word' id='word_1_158' title='bbox 702 4209 931 4296; x_wconf 81' lang='lat' dir='ltr'>Mantuanus,</span> <span class='ocrx_word' id='word_1_159' title='bbox 955 4237 995 4287; x_wconf 90' lang='lat' dir='ltr'>ac</span> <span class='ocrx_word' id='word_1_160' title='bbox 1017 4217 1102 4288; x_wconf 87' lang='lat' dir='ltr'>miro</span> <span class='ocrx_word' id='word_1_161' title='bbox 1119 4239 1258 4308; x_wconf 87' lang='lat' dir='ltr'>prorsus</span> <span class='ocrx_word' id='word_1_162' title='bbox 1278 4222 1436 4313; x_wconf 82' lang='lat' dir='ltr'>juvenis,</span> <span class='ocrx_word' id='word_1_163' title='bbox 1455 4244 1495 4294; x_wconf 90' lang='lat' dir='ltr'>ut</span> <span class='ocrx_word' id='word_1_164' title='bbox 1519 4246 1597 4294; x_wconf 90' lang='lat' dir='ltr'>eum</span> <span class='ocrx_word' id='word_1_165' title='bbox 1623 4215 1771 4309; x_wconf 88' lang='lat' dir='ltr'>appellat</span> <span class='ocrx_word' id='word_1_166' title='bbox 1787 4215 1951 4302; x_wconf 72' lang='lat' dir='ltr'>bembus,</span> 
     </span>
    </p>
   </div>
   <div class='ocr_carea' id='block_1_7' title="bbox 606 4325 1949 4550">
    <p class='ocr_par' dir='ltr' id='par_1_7' title="bbox 606 4325 1949 4550">
     <span class='ocr_line' id='line_1_22' title="bbox 606 4325 1948 4438; baseline 0.006 -41"><span class='ocrx_word' id='word_1_167' title='bbox 606 4325 768 4418; x_wconf 80' lang='lat' dir='ltr'>ingenio,</span> <span class='ocrx_word' id='word_1_168' title='bbox 791 4334 886 4424; x_wconf 90' lang='lat' dir='ltr'>queri</span> <span class='ocrx_word' id='word_1_169' title='bbox 906 4334 1000 4407; x_wconf 78' lang='lat' dir='ltr'>visus</span> <span class='ocrx_word' id='word_1_170' title='bbox 1018 4352 1070 4405; x_wconf 88' lang='lat' dir='ltr'>est</span> <span class='ocrx_word' id='word_1_171' title='bbox 1087 4389 1097 4424; x_wconf 88' lang='lat'>,</span> <span class='ocrx_word' id='word_1_172' title='bbox 1113 4339 1206 4430; x_wconf 90' lang='lat' dir='ltr'>quod</span> <span class='ocrx_word' id='word_1_173' title='bbox 1219 4337 1336 4438; x_wconf 83' lang='lat' dir='ltr'>siquid</span> <span class='ocrx_word' id='word_1_174' title='bbox 1356 4360 1535 4437; x_wconf 79' lang='lat' dir='ltr'>posceret,</span> <span class='ocrx_word' id='word_1_175' title='bbox 1555 4341 1749 4432; x_wconf 86' lang='lat' dir='ltr'>priusquam</span> <span class='ocrx_word' id='word_1_176' title='bbox 1766 4329 1948 4430; x_wconf 85' lang='lat' dir='ltr'>quidquam</span> 
     </span>
     <span class='ocr_line' id='line_1_23' title="bbox 606 4444 1949 4550; baseline 0.004 -33"><span class='ocrx_word' id='word_1_177' title='bbox 606 4444 770 4534; x_wconf 82' lang='lat' dir='ltr'>daretur,</span> <span class='ocrx_word' id='word_1_178' title='bbox 798 4452 841 4524; x_wconf 88' lang='lat' dir='ltr'>ad</span> <span class='ocrx_word' id='word_1_179' title='bbox 866 4453 971 4525; x_wconf 77' lang='lat' dir='ltr'>ravim</span> <span class='ocrx_word' id='word_1_180' title='bbox 987 4473 1164 4544; x_wconf 86' lang='lat' dir='ltr'>posceret,</span> <span class='ocrx_word' id='word_1_181' title='bbox 1188 4447 1364 4530; x_wconf 82' lang='lat' dir='ltr'>dnmmon</span> <span class='ocrx_word' id='word_1_182' title='bbox 1388 4481 1498 4550; x_wconf 75' lang='lat' dir='ltr'>patrea</span> <span class='ocrx_word' id='word_1_183' title='bbox 1517 4454 1738 4533; x_wconf 79' lang='lat' dir='ltr'>mediocribus</span> <span class='ocrx_word' id='word_1_184' title='bbox 1753 4457 1862 4549; x_wconf 88' lang='lat' dir='ltr'>poetis</span> <span class='ocrx_word' id='word_1_185' title='bbox 1880 4453 1949 4524; x_wconf 87' lang='lat' dir='ltr'>lar·</span> 
     </span>
    </p>
   </div>
   <div class='ocr_carea' id='block_1_8' title="bbox 520 4564 1945 4676">
    <p class='ocr_par' dir='ltr' id='par_1_8' title="bbox 520 4564 1945 4676">
     <span class='ocr_line' id='line_1_24' title="bbox 520 4564 1945 4676; baseline 0.01 -42"><span class='ocrx_word' id='word_1_186' title='bbox 520 4670 525 4676; x_wconf 21' lang='grc'><em>’</em></span> <span class='ocrx_word' id='word_1_187' title='bbox 607 4585 649 4658; x_wconf 66' lang='lat' dir='ltr'>ge</span> <span class='ocrx_word' id='word_1_188' title='bbox 674 4564 845 4662; x_wconf 79' lang='lat' dir='ltr'>effuseque</span> <span class='ocrx_word' id='word_1_189' title='bbox 872 4573 939 4647; x_wconf 71' lang='lat' dir='ltr'>lto</span> <span class='ocrx_word' id='word_1_190' title='bbox 964 4573 1134 4656; x_wconf 76' lang='lat' dir='ltr'>donabar,</span> <span class='ocrx_word' id='word_1_191' title='bbox 1173 4575 1316 4660; x_wconf 81' lang='lat' dir='ltr'>Pulchre</span> <span class='ocrx_word' id='word_1_192' title='bbox 1354 4580 1446 4658; x_wconf 83' lang='lat' dir='ltr'>hunc</span> <span class='ocrx_word' id='word_1_193' title='bbox 1486 4579 1686 4670; x_wconf 75' lang='lat' dir='ltr'>admonuit,</span> <span class='ocrx_word' id='word_1_194' title='bbox 1712 4601 1756 4653; x_wconf 86' lang='lat' dir='ltr'>ue</span> <span class='ocrx_word' id='word_1_195' title='bbox 1781 4575 1945 4672; x_wconf 65' lang='lat' dir='ltr'>diffidere}</span> 
     </span>
    </p>
   </div>
   <div class='ocr_carea' id='block_1_9' title="bbox 0 0 2194 5842">
    <p class='ocr_par' dir='ltr' id='par_1_9' title="bbox 0 0 2194 5842">
     <span class='ocr_line' id='line_1_25' title="bbox 0 0 2194 5842; baseline 0 0"><span class='ocrx_word' id='word_1_196' title='bbox 0 0 2194 5842; x_wconf 95' lang='lat' dir='ltr'> </span> 
     </span>
    </p>
   </div>
  </div>
 </body>
</html>
