4386 5838
692 678 727 768 ¹V
826 674 840 744 l
939 679 969 747 Τ
1068 679 1103 768 Αι
1495 689 1557 757 153

266 781 454 865 *Caesarem
498 796 667 870 sancitum
703 799 837 870 tandem
867 797 960 882 fuit,
986 800 1186 889 interposita
1220 792 1304 882 lide,
1338 793 1477 884 nequis
1503 813 1613 860 enun-

278 916 404 1001 tiaret,
446 917 513 985 nisi
548 921 670 1007 quibus
709 919 877 988 communi
913 919 1052 988 consilio
1092 917 1287 989 mandatum
1320 935 1427 986 esset.
1454 913 1610 983 Foederis

275 1039 388 1106 ¹autem
414 1037 631 1108 conditiones
661 1039 888 1117 fuerunt‚ut
914 1037 1004 1108 Galli
1029 1034 1147 1118 ltalia,
1185 1059 1284 1128 quam
1315 1033 1508 1107 diu‘nimis
1544 1057 1610 1106 ve·

276 1175 464 1245 xavetant,
501 1155 950 1246 pellerentu13Francisct1s
990 1159 1119 1230 Sfortia
1145 1159 1180 1232 vi
1215 1176 1367 1248 ereptum
1399 1153 1609 1226 Maximilla-

275 1292 322 1344 no
346 1273 467 1360 sratri,
492 1279 551 1368 qui
575 1278 610 1349 in
633 1276 743 1347 Gallia
768 1278 905 1348 summis
931 1283 964 1350 δι
999 1277 1157 1348 fortunae
1182 1280 1213 1343 bt
1236 1277 1329 1346 vitae
1355 1275 1511 1346 sordibus
1537 1272 1610 1350 foe·

273 1393 374 1466 datus
416 1397 707 1482 commorabatur,
743 1395 1049 1467 Mediolanettsium
1086 1397 1261 1485 imperium
1299 1395 1494 1477 obtineret;
1527 1391 1610 1462 Pla·
1696 1441 1698 1444 -

274 1513 385 1584 centia
408 1517 442 1586 br
467 1517 584 1584 Parma
603 1515 756 1586 Pontifici
776 1497 1017 1596 redderentur,
1042 1517 1136 1608 eique
1163 1515 1328 1588 subsidia.
1356 1514 1382 1582 si
1407 1533 1459 1583 res
1489 1533 1608 1602 posce·

272 1655 352 1720 tet,
377 1634 672 1723 suppeditarentur
699 1634 742 1704 ad
765 1639 996 1725 occupandam
1022 1637 1226 1720 Ferrariam
1252 1635 1345 1728 quod
1378 1657 1439 1725 pro
1479 1633 1606 1703 tributo

274 1775 293 1822 a
317 1753 553 1846 Neapolitanis
577 1755 724 1846 Regibus
750 1754 977 1843 pendebatur,
1003 1774 1213 1845 augeretur;
1237 1759 1360 1826 Caesar
1380 1751 1607 1843 patrocinium

271 1865 461 1964 susciperet
482 1874 713 1946 Mediceorurn
748 1874 921 1958 familiae,
948 1881 979 1946 δι
1005 1875 1121 1944 decem
1146 1873 1251 1945 millia
1277 1897 1454 1945 aureorum
1478 1863 1610 1942 numo-⁸

270 2018 345 2067 tum
367 2017 410 2064 ex
433 1995 597 2066 reditibus
622 1997 947 2086 Archiepiscopatus
973 1981 1133 2065 Toletani
1158 1993 1260 2065 Julius
1285 1991 1497 2077 Cardinalis,
1524 1983 1612 2060 toti·¹

242 2117 411 2206 ¹demque
437 2113 630 2214 ex‘ditione
657 2113 770 2206 aliqua
803 2113 1020 2210 Neapolitani
1063 2117 1159 2210 regni
1199 2119 1346 2209 exigeret
1387 2110 1578 2182 Alexander
1596 2105 1614 2192 ,’

269 2257 372 2325 quern
394 2229 615 2316 Laurentius,
642 2232 697 2304 vel
725 2237 853 2322 potius,
866 2235 936 2325 ipse
960 2235 1089 2332 Julius,
1111 2235 1246 2327 quando
1264 2233 1401 2304 militiae
1416 2221 1614 2301 Rhodiensi

265 2374 341 2424 erat
360 2355 563 2444 adscriptus,
579 2375 621 2422 ex
638 2353 828 2423 concubina
844 2345 1026 2444 genuerat.
1054 2343 1182 2431 Dolore
1194 2358 1277 2427 adeo
1293 2353 1461 2453 eruciatus
1480 2345 1615 2422 dicitur

267 2474 433 2561 Cetrius,
470 2472 529 2565 qui
564 2498 633 2544 non
660 2475 761 2545 modo
787 2471 1043 2553 audierit'atem
1071 2471 1257 2545 sedetiam
1283 2467 1456 2562 imperium
1487 2489 1605 2542 tenere

267 2597 445 2667 videbatur
470 2595 504 2663 in
530 2591 709 2678 Carolum,
735 2591 850 2683 quod’,
867 2591 909 2663 se'
921 2617 1058 2684 prorsus
1084 2590 1273 2680 insciente,
1290 2591 1409 2662 foedus
1431 2591 1499 2662 hoc
1525 2602 1614 2680 per·'

266 2715 438 2797 cesserit,
462 2733 501 2784 ut
524 2737 566 2783 ex
588 2735 630 2782 eo
655 2713 763 2786 vitam
789 2713 969 2782 amiserit.
995 2715 1130 2784 Nemini
1156 2715 1247 2783 enirn
1271 2713 1408 2783 dubium
1434 2734 1507 2782 esse
1533 2713 1616 2799 po·''

265 2855 353 2908 terat
375 2835 555 2906 alumnum
597 2831 686 2904 illius
728 2856 765 2902 se
798 2825 1048 2926 quodammodo
1076 2832 1110 2902 in
1145 2831 1336 2903 libertatem
1378 2830 1614 2927 vindicasse‚'

262 2955 468 3047 minimeque
494 2953 634 3044 amplius
660 2952 806 3024 laturum
831 2975 968 3022 suorum
993 2951 1210 3023 consiliorum
1236 2949 1465 3043 fastorumque
1487 2949 1617 3040 impe-'²
1713 3035 1720 3042 ἱ

261 3075 374 3146 tiosos
409 3073 660 3155 moderatores,
683 3072 804 3163 quibus
825 3071 988 3143 liberatus
1014 3091 1127 3142 tantas
1153 3073 1188 3143 in
1212 3053 1323 3142 oculis
1348 3069 1614 3164 c'onspedluque'

260 3193 414 3265 omnium
438 3192 597 3284 exposuit
620 3190 795 3274 virtutes,
820 3209 859 3260 ut
883 3215 1000 3262 omnes
1030 3211 1173 3284 gentes,
1204 3197 1238 3266 δι
1277 3194 1458 3282 posteritas
1476 3189 1594 3262 omnis

260 3313 463 3385 intellexerit
487 3312 589 3405 longe
612 3311 822 3404 multumque
849 3329 980 3383 ceteros
1016 3315 1177 3384 Caesares
1211 3314 1319 3402 ipsum
1343 3317 1544 3403 superasse.
1608 3317 1613 3326 '

279 3473 285 3482 ·
357 3431 506 3518 bellum,
530 3434 624 3525 quod
648 3433 860 3523 impendebat
884 3430 1023 3517 ltaliae,
1048 3431 1266 3502 retardarunt
1294 3431 1469 3502 Francisci
1493 3413 1617 3522 Regis³

218 3583 220 3589 =
260 3569 435 3638 conatus,
459 3569 498 3623 ut
523 3555 696 3626 Navarrae
721 3541 883 3645 regnunt.
914 3548 1006 3643 quod
1042 3569 1114 3620 tum
1139 3550 1316 3622 tenebatur
1342 3550 1383 3620 ab
1408 3549 1593 3639 Hispanis,

258 3663 410 3761 legitiriao
433 3670 574 3742 domino
610 3673 758 3744 Henrico
783 3671 923 3742 Albreto
948 3671 1165 3744 redderetur.
1201 3669 1418 3743 Memorabile
1453 3671 1488 3743 id
1519 3669 1608 3742 bel..

254 3787 327 3860 lam
350 3789 415 3862 fult
435 3789 650 3862 noneolum.
671 3783 863 3876 celeritate,
888 3813 956 3882 qua
981 3786 1173 3863 consedum
1197 3809 1275 3873 est,
1298 3791 1358 3862 sed
1394 3789 1494 3860 etiam
1530 3801 1613 3860 ca·‘

251 3931 321 3992 su,
346 3929 417 4003 quo
449 3908 592 3982 afflictus
617 3909 720 4003 Jacuir
740 3908 888 4002 Ignatius
913 3909 1067 3998 Loyola,
1093 3914 1217 4006 quique
1241 3911 1378 3984 initium
1402 3907 1517 3980 attulit
1540 3921 1612 3978 re·'

251 4049 328 4100 rom
358 4029 505 4102 omrtium
530 4031 638 4102 abeo
663 4029 855 4103 mirabiliter
879 4049 1072 4121 gestarum,
1096 4051 1136 4103 ut
1159 4033 1231 4122 ipse
1272 4049 1434 4121 tanquam
1473 4026 1588 4107 lumen

253 4147 396 4241 aliquod
420 4147 606 4220 sanclitatis
630 4147 800 4235 eluceret,
825 4171 1016 4240 nomenque
1040 4170 1139 4221 suum
1164 4149 1208 4219 ad
1231 4169 1348 4218 omnes
1372 4165 1488 4241 gentes
1513 4167 1591 4237 pro.-

253 4285 413 4359 pagaret,
439 4269 597 4340 instituta
620 4270 823 4357 hominum,
846 4289 887 4342 ut
911 4269 1061 4351 vocant',
1099 4263 1280 4338 societatis
1319 4271 1394 4340 Iesu
1433 4265 1585 4342 familia.

252 4387 381 4462 Eodem
404 4406 554 4478 tempore
577 4389 785 4483 Franciscus
804 4393 877 4460 Rex
900 4390 1009 4461 minus
1043 4385 1141 4460 fidele
1166 4384 1343 4458 consilium
1376 4385 1468 4458 dedit
1508 4389 1586 4472 Ro-

251 4500 353 4579 berto
374 4502 507 4582 Markio
529 4505 693 4586 bullionis
718 4509 830 4600 Duci,
864 4525 903 4583 ut
926 4508 963 4580 in
987 4505 1105 4605 Belgio
1128 4508 1172 4584 ad
1200 4529 1292 4584 arma
1307 4525 1449 4587 vocaret
1463 4511 1636 4607 Caesa-¹.
1747 4590 1749 4593 ¹

940 4629 971 4698 V
