4472 5828
648 761 658 770 .
742 667 773 738 V
870 668 885 737 1
983 671 1074 742 T
1113 672 1143 742 Α
1223 718 1228 728 ·
1558 688 1577 758 7

299 824 441 894 mannes
466 809 777 906 expediationem,
790 837 892 905 quam
915 814 967 891 sui
991 809 1047 886 vel
1068 837 1090 887 a
1114 811 1294 904 tenerrima
1329 829 1439 886 aetate
1473 813 1611 884 concita

300 959 382 1028 tat,
411 933 547 1009 adultus
570 932 750 1006 sustineret
775 949 1022 1025 tuereturqne,
1048 931 1145 1004 facile
1172 957 1192 1002 a
1217 933 1389 1020 Ludovico
1415 935 1470 1002 XI.
1502 931 1635 1004 Gallia·

300 1085 378 1134 tunt
407 1060 497 1150 Rege
517 1081 579 1148 pro
602 1055 734 1148 pratia,
758 1079 828 1148 qua
850 1051 1056 1144 apudillum
1079 1051 1259 1144 plurimum
1285 1071 1438 1141 poterat,
1462 1051 1639 1138 obtinuit,

301 1198 343 1252 ut
366 1177 424 1252 ille
447 1176 655 1268 amplissimo
674 1174 868 1268 sacerdotio
892 1169 1099 1258 (Abbatiam
1114 1173 1232 1246 Fontis
1251 1175 1369 1247 Dulcis
1395 1171 1638 1264 appellabant)

279 1315 510 1392 -augetetur,
536 1297 629 1392 quod
654 1297 753 1390 Regis
784 1291 982 1376 beneficium
1010 1315 1172 1364 nonsua
1198 1293 1299 1364 modo
1325 1287 1531 1376 audioritate
1565 1297 1646 1364 Ro*

300 1441 425 1494 manue
449 1414 611 1488 Pontifex
636 1413 876 1522 confirmavit,
898 1413 957 1504 sed
982 1395 1256 1488 Proionotatium
1281 1415 1379 1486 etiarn
1405 1411 1639 1516 Apostolicum

299 1541 464 1636 juvenem
488 1555 685 1629 septennem
709 1535 918 1622 declaravit,
949 1535 1055 1628 eique
1096 1553 1299 1628 potestatem
1341 1533 1492 1626 permisit
1529 1551 1641 1604 cetera

298 1657 498 1753 ,hujusmodi
512 1653 685 1730 Ecclesiae
699 1658 815 1730 reunia
834 1655 1027 1747 obtinendi,
1055 1679 1198 1750 qnorum
1224 1655 1497 1738 obtinendorum,
1517 1673 1555 1726 nt
1570 1637 1645 1725 etti

299 1797 398 1874 tuos,
423 1799 508 1850 sane
531 1799 730 1872 perversus,
749 1773 885 1870 illorum
907 1794 1120 1867 temporum,
1144 1799 1318 1865 nunquam
1337 1774 1437 1846 finem
1457 1773 1544 1862 ¹fecit
1567 1772 1641 1856 (τ).

300 1898 352 1970 Ea
378 1907 517 1988 propter
539 1896 769 1980 vehementer.
782 1894 893 1980 adium
918 1913 971 1966 est
990 1893 1032 1966 de
1052 1894 1129 1984 ipso
1149 1894 1297 1965 creando
1315 1894 1489 1984 Aquarum,
1513 1893 1646 1962 Sextia·

298 2039 383 2116 punt
408 2017 674 2115 Archiepiscopo
720 2037 783 2109 pro
812 2037 944 2088 summa
965 2015 1065 2106 Regis
1087 2013 1202 2104 ipsius
1223 2013 1258 2084 in
1285 2003 1504 2086 Laurentium
1530 2011 1663 2098 indul--

304 2135 423 2227 gentia
446 2186 458 2219 ,
478 2135 547 2232 9,αάι
563 2157 634 2209 tem
658 2137 725 2229 jam
749 2155 859 2226 prope*
883 2132 1086 2222 explicatam
1109 2133 1193 2204 varii
1220 2132 1564 2222 casusirnpedivere.
1590 2132 1647 2202 Ni·

302 2251 351 2326 hil
369 2276 452 2326 vero
472 2255 608 2327 obstitit
632 2254 814 2348 quominus
841 2251 1016 2326 Abbatiarn
1041 2251 1259 2346 ¹Pttssiniani,
1286 2248 1417 2342 aliaque
1442 2274 1523 2325 sane
1546 2249 1647 2332 dire-

303 2369 390 2444 sima
415 2373 611 2446 sacerdotia
641 2392 713 2446 tum
736 2373 774 2446 in
790 2373 959 2459 Etruria,
985 2393 1057 2444 tum
1096 2368 1173 2442 alibi
1209 2372 1322 2461 posita
1345 2353 1648 2464 consequeretur,

305 2513 452 2586 quarunt
475 2515 588 2565 rerum
610 2492 763 2564 omnium
781 2512 1000 2564 monumenta
1024 2491 1059 2561 in
1085 2491 1255 2586 Laurentii
1279 2493 1352 2562 vita
1374 2491 1646 2581 exscripsimus,

303 2611 369 2706 ¹qui
392 2597 456 2702 pro
480 2610 587 2701 patris
611 2611 1009 2708 majorumque-suorum
1039 2611 1152 2682 animo
1177 2611 1360 2704 studioque
1396 2611 1430 2682 in
1465 2611 1656 2701 rempubli-·

306 2752 407 2820 carn,
430 2751 571 2828 suaque·
586 2725 735 2819 pristina
757 2729 909 2815 virtute,
935 2729 1103 2820 industrie
1127 2717 1375 2822 voluntateque
1400 2728 1507 2815 fecit,
1533 2748 1571 2803 ut
1597 2731 1653 2803 sui

304 2845 408 2922 liberi
430 2847 612 2938 aliquando
636 2847 687 2920 illi
711 2848 952 2920 futuriessent
971 2863 1200 2916 ornamento·r
1222 2833 1324 2918 Teste
1349 2866 1462 2918 autern
1485 2848 1650 2938 Valerio,

294 2945 371 3060 'qui
396 2969 441 3035 de
472 2943 570 3036 illius
605 2967 681 3037 vita
712 2965 815 3055 plura
846 2963 968 3036 litteris
995 2963 1192 3052 mandavit,
1224 2967 1281 3053 de¹
1303 2966 1345 3038 iis
1377 2967 1495 3038 dicere
1513 2965 1652 3041 solitus
1749 2983 1753 2988 ‘'

305 3099 414 3172 erat,
438 3106 545 3158 unum
569 3085 726 3180 iugenio,
749 3084 892 3158 alterurn
915 3081 1109 3174 probitate,
1132 3083 1269 3156 tertium
1291 3087 1403 3178 gratia
1424 3105 1651 3176 praestantem

291 3201 429 3294 ¹fore.
1057 3291 1060 3298 1

415 3323 558 3397 sedebat
583 3339 658 3397 tum
681 3323 724 3396 ad
749 3321 951 3399 Catholicae·
973 3323 1145 3398 Ecclesiae
1171 3323 1401 3426 gubernacula·
1431 3327 1659 3402 Innocentius

317 3447 405 3536 vill
430 3444 491 3538 qui
515 3465 617 3536 saepe
643 3443 874 3518 declaraverat
899 3449 1081 3518 Laurentio
1102 3443 1208 3530 velle,
1234 3465 1278 3515 ut
1296 3449 1408 3525 omnia
1433 3471 1454 3518 a
1476 3471 1513 3519 se
1536 3453 1569 3520 dc
1598 3475 1661 3539 po«

283 3561 464 3650 -stularet
490 3568 526 3636 u
549 3561 767 3655 expetierat
788 3589 892 3658 seque
917 3570 1080 3640 loannem
1101 3563 1171 3641 filii
1184 3565 1265 3637 loco
1297 3568 1445 3638 habere
1478 3569 1663 3641 Nestane

315 3683 391 3758 fieri
427 3680 568 3788 abillo
600 3684 775 3776 benignius
810 3684 950 3775 potuit,
987 3709 1067 3757 cum
1108 3687 1221 3777 ipsun
1256 3688 1558 3762 truttmunt
1600 3709 1658 3763 an

281 3785 288 3810 ³
317 3817 611 3878 mcccctxxxlx.
634 3801 850 3876 Cardinaletn
874 3823 1026 3878 creasset
1050 3800 1112 3896 (a)
1135 3829 1177 3878 ea
1201 3823 1316 3894 tetnen
1347 3806 1572 3896 conditione,
1612 3826 1666 3878 tte

282 3911 328 4016 J
317 3923 465 4018 insignia
488 3941 605 3996 tantae
630 3923 805 4018 dignitatis
824 3923 1024 4020 suscipere,
1048 3915 1089 3996 dc
1106 3927 1226 3996 munia
1241 3947 1417 4014 exercere,
1443 3929 1509 4000 nisi
1535 3928 1662 4007 exano

320 4041 501 4144 triennio,
526 4042 578 4114 illi
597 4041 775 4116 licuisset:
801 4042 932 4146 interea
953 4061 1078 4133 optare
1097 4067 1138 4116 se
1156 4045 1447 4138 significavit,tu
1487 4051 1558 4141 ipse
1596 4052 1657 4124 itt·

277 4230 284 4242 ,
317 4129 519 4236 choatitru
510 4185 546 4234 ιιι
570 4141 753 4234 Academia
776 4165 900 4236 Pisana
922 4163 1141 4259 scientiartun
1166 4187 1303 4245 cursum
1326 4166 1525 4255 conficeret,
1550 4169 1661 4252 laeta«,

279 4349 283 4363 ,
319 4277 420 4386 ‚sique
446 4303 482 4352 se
506 4273 705 4370 plurimum,
732 4282 827 4376 qnod
848 4278 1057 4380 praeclara
1047 4306 1082 4384 nt
1103 4307 1146 4354 ea
1169 4283 1352 4359 dedisset
1341 4289 1470 4380 tugenii
1491 4293 1526 4361 ὅτ
1549 4287 1655 4365 indu·

281 4471 286 4480 ,
318 4398 428 4502 ,striae
461 4397 681 4510 testimonia.
713 4403 802 4472 Tum
841 4401 978 4500 minime
995 4405 1190 4502 ¹continere.
1218 4432 1259 4483 se
1296 4407 1410 4500 potuit
1443 4400 1627 4482 Politiamts
1642 4459 1661 4498 ,ι

194 4535 200 4544 ·
313 4519 401 4614 quin
424 4520 469 4592 ad
506 4519 704 4602 Pontificem
725 4523 859 4603 litteras
882 4525 977 4604 daret
1012 4543 1120 4604 testes
1145 4523 1264 4625 iudicii
1297 4528 1495 4624 amorisque·
1527 4527 1589 4605 sui
1616 4529 1660 4602 irs
