4386 5838
635 672 702 746 152
1042 658 1068 724 l.
1116 662 1143 729 E
1190 659 1223 727 O
1272 665 1302 731 N
1347 666 1361 730 1
1415 661 1436 730 S
1510 659 1550 728 X.

581 783 687 870 ipsam
708 779 889 852 adventum
915 775 1110 862 fruebatur,
1134 782 1230 869 cuius
1255 781 1384 873 gloriae
1408 805 1444 852 se
1462 805 1596 874 quoque
1612 779 1813 870 participem
1840 777 1913 852 fore

581 900 715 970 minime
739 896 932 977 diffidebat,
957 896 985 965 si
1012 897 1061 980 is,
1083 897 1140 988 qui
1164 899 1326 984 vicisset,
1345 901 1566 973 vinceretur.
1594 899 1782 970 Consilium
1802 917 1915 967 autem

582 1041 719 1102 eorum,
745 1039 831 1110 quos
858 1017 971 1087 audire
995 1016 1153 1102 solebat,
1181 1017 1270 1102 fuit,
1295 1037 1334 1088 ut
1371 1041 1407 1089 se
1439 1019 1619 1109 applicaret
1663 1020 1706 1090 ad
1740 1016 1913 1088 Gallorum

583 1142 732 1229 Regem,
757 1163 778 1208 a
803 1160 871 1229 quo
896 1159 967 1206 non
992 1137 1093 1206 modo
1118 1138 1293 1225 precibus,
1318 1161 1436 1209 verum
1461 1140 1564 1210 eciam
1589 1137 1828 1209 liberalissimis
1844 1157 1919 1207 ten-

583 1261 719 1330 tabatur
744 1258 938 1347 promissis.
964 1261 1001 1326 ln
1027 1257 1078 1326 his
1104 1277 1198 1342 erat,
1223 1257 1250 1326 si
1276 1257 1508 1328 communibus
1532 1257 1659 1347 optatis
1686 1255 1824 1326 fortuna
1848 1276 1918 1325 tes·

585 1379 780 1467 pondisset,
807 1377 1007 1468 propagatio
1034 1377 1178 1448 Romani
1203 1378 1334 1465 imperii
1358 1378 1401 1448 ad
1431 1376 1532 1448 Lirim
1558 1399 1665 1469 usque
1686 1399 1817 1446 amnem
1837 1399 1915 1446 cum

584 1498 818 1571 dominatione
843 1497 1000 1588 Caietae,
1025 1503 1059 1569 δι
1084 1515 1219 1586 praesto
1246 1496 1319 1566 fore
1345 1499 1468 1589 Regem
1493 1497 1537 1568 ad
1560 1496 1782 1589 subigendum
1800 1497 1920 1564 Ferra-

586 1621 654 1690 riae
678 1622 831 1702 Ducem,
855 1635 1075 1706 ceterosque,
1102 1616 1160 1706 qui
1184 1617 1273 1687 bona
1303 1617 1397 1689 Sedis
1422 1616 1641 1708 Apostolicae
1670 1611 1916 1705 possidebant.

586 1739 788 1830 Quanquam
822 1733 1025 1827 intelligeret
1057 1735 1126 1805 Leo
1161 1761 1180 1808 e
1215 1761 1251 1808 re
1277 1761 1339 1809 sua
1375 1737 1447 1810 sore
1481 1757 1534 1808 tot
1557 1756 1720 1826 tantaque
1742 1731 1919 1810 obtinete,

584 1873 730 1950 quotam
754 1879 876 1926 caussa
898 1855 1004 1926 multa
1028 1856 1191 1942 didiscit,
1225 1863 1259 1930 δι
1283 1854 1388 1944 lecit,
1412 1881 1497 1950 quae
1521 1853 1740 1928 declarabant
1765 1872 1860 1920 suam
1882 1849 1918 1922 in

585 1974 761 2050 Gallorum
785 1977 909 2066 Regem
932 1975 1168 2064 voluntatem,
1194 1977 1302 2048 nihilo
1326 1999 1438 2048 tamen
1460 1976 1572 2047 minus
1600 1975 1672 2067 ejus
1697 1993 1832 2064 quoque
1859 1993 1919 2041 au·

585 2117 640 2165 tes
665 2113 805 2183 patuere
828 2095 1033 2186 querelis&
1060 2097 1346 2186 postulationibus
1374 2095 1552 2168 Caesaris.
1578 2097 1658 2168 Erat
1694 2113 1765 2165 tum
1789 2096 1918 2162 Rornae

525 2271 527 2276 .
587 2216 732 2308 legatus
757 2213 848 2288 illius
872 2220 1015 2288 loannes
1041 2216 1178 2288 Manuel
1204 2218 1315 2307 magni
1342 2217 1502 2304 consilii,
1528 2239 1734 2310 magnaeque
1769 2213 1920 2284 deuteri-

587 2336 669 2406 tatis
693 2336 772 2415 vir,
797 2335 892 2426 cuius
917 2358 1046 2406 summa
1071 2336 1181 2408 fuerat
1213 2337 1397 2410 auctoritas
1423 2339 1511 2428 apud
1551 2335 1735 2426 Philippum
1771 2331 1918 2424 ejusdem

589 2457 744 2530 Caesaris
767 2473 920 2546 patrem.
950 2458 1056 2528 Nemo
1081 2456 1231 2548 prosedo
1256 2460 1360 2552 magis
1385 2460 1527 2530 idoneus
1551 2477 1623 2528 erat
1639 2455 1682 2528 ad
1697 2453 1918 2527 allec‘iandum

590 2575 805 2662 Pontificem,
829 2595 869 2648 ut
894 2601 931 2649 se
956 2577 1090 2649 foedere
1114 2579 1269 2671 jungeret
1304 2601 1380 2648 cunt
1404 2577 1548 2650 Carolo.
1574 2575 1735 2666 Proponit
1770 2577 1800 2646 ei
1838 2572 1922 2645 levi·

531 2705 532 2708 ’
590 2711 697 2766 tatem
721 2694 1005 2790 nobilitatemque
1030 2697 1230 2784 Gallorum,
1266 2698 1497 2770 infidelitatem
1534 2698 1670 2779 etiam,
1703 2696 1922 2766 reminiscens

590 2815 806 2888 franciscum
832 2841 894 2888 sua
918 2818 1132 2892 simulatione
1167 2819 1288 2892 aluisse
1327 2821 1533 2891 Feltrianum
1566 2816 1716 2902 bellum,
1755 2813 1920 2905 spoliasse

589 2937 822 3026 Apostolicam
846 2939 962 3012 Sedent
986 2943 1122 3012 Parmae
1147 2948 1181 3016 δι
1206 2939 1396 3013 Placentiae
1421 2942 1627 3021 dominatu,
1651 2961 1713 3030 pro
1739 2959 1807 3028 quo
1835 2933 1920 3005 adeo

590 3056 694 3130 Julius
716 3063 756 3128 11.
779 3060 1013 3144 laboraverat,
1039 3080 1278 3134 commemorat
1303 3059 1441 3132 exilium
1467 3065 1500 3130 δι
1538 3060 1793 3151 captivitatem,
1819 3079 1922 3148 quam

592 3174 675 3247 olim
700 3177 875 3250 Gallorum
900 3203 1005 3270 opera
1029 3203 1205 3272 perpessus
1241 3180 1373 3268 fuerat,
1413 3183 1603 3272 superbiam
1642 3185 1676 3250 dt
1716 3178 1923 3270 impietatem

590 3319 727 3384 eorum,
753 3300 811 3391 qui
833 3299 1024 3388 Cisalpinae
1048 3299 1202 3386 Galliae,
1228 3301 1283 3372 cui
1306 3321 1503 3391 praeerant,
1529 3301 1744 3386 sacerdotia,
1767 3293 1924 3388 despecta

591 3415 691 3505 plane
715 3419 890 3504 Pontificia
915 3417 1139 3508 auctoritate,
1166 3439 1288 3492 contra
1313 3422 1362 3512 jus
1389 3421 1532 3512 fasque,
1557 3421 1609 3490 uti
1644 3420 1749 3492 libido
1785 3418 1920 3504 ferret,

491 3545 492 3548 ’
593 3532 835 3626 indignissimis
859 3540 1052 3611 homiuibus
1079 3541 1337 3635 adjudicabant,
1359 3541 1527 3612 bonorum
1551 3540 1783 3629 direptiones,
1806 3541 1924 3631 iniqua

593 3653 744 3746 judicia,
768 3661 836 3729 vim
860 3663 894 3731 ὃι
919 3661 1162 3746 contumelias,
1188 3661 1309 3752 quibus
1334 3661 1488 3750 oppressi
1520 3680 1617 3729 erant
1648 3657 1920 3730 Mediolanenses

595 3781 630 3849 bt
654 3779 878 3859 Geuuenses,
905 3780 1100 3871 addiditque
1131 3779 1325 3870 pronihilo
1360 3781 1515 3852 habenda
1551 3781 1724 3852 affinitatis
1755 3777 1923 3868 vincula,

491 3893 493 3897 ’
594 3884 757 3990 quoniam
796 3899 930 3970 evivis
954 3898 1020 3988 jam
1061 3921 1251 3972 excesserat
1285 3902 1457 3973 Laurentii
1486 3925 1601 3984 uxor,
1624 3907 1657 3974 a
1690 3899 1811 3974 Iuliani
1845 3919 1925 3968 suos

595 4017 640 4106 ad
674 4018 791 4088 Gallos
827 4017 1005 4088 redierat.
1041 4023 1171 4090 Contra
1205 4021 1288 4093 haec
1319 4022 1440 4092 extulit
1473 4023 1614 4092 Domini
1638 4024 1691 4093 sui
1716 4019 1922 4109 potentiam,

595 4133 765 4228 excelsum
791 4135 1017 4206 &liberalem
1053 4139 1222 4224 animum,
1255 4141 1292 4228 in
1324 4164 1393 4210 rem
1428 4140 1627 4212 catholicam
1653 4142 1792 4233 ejusque
1830 4160 1927 4208 sum·

595 4278 688 4336 mum
707 4253 881 4326 Reducem
906 4257 1074 4340 studium,
1099 4258 1193 4350 quod
1224 4259 1306 4328 satis
1346 4262 1410 4351 jam
1443 4259 1679 4332 declaraverat
1714 4262 1748 4329 in
1783 4263 1925 4330 Vorma·

595 4375 701 4446 tiensi
725 4377 889 4446 concilio.
921 4381 1012 4450 Haec
1037 4379 1252 4468 agitabantur
1285 4379 1359 4452 sine
1383 4378 1453 4450 ullo
1490 4399 1598 4465 teste,
1632 4379 1706 4455 sine
1737 4377 1808 4449 ullo
1846 4399 1928 4446 con·

583 4498 692 4581 acio,
718 4502 751 4568 δι
778 4521 853 4566 cum
878 4500 1093 4587 conquireret
1118 4499 1264 4590 undique
1293 4497 1430 4570 Manuel
1465 4500 1642 4584 tationes,
1668 4498 1787 4586 quibus
1824 4519 1929 4586 expu-

594 4618 692 4710 gnari
715 4638 813 4708 posse
839 4617 1053 4691 existimabat
1092 4619 1264 4692 Porrtilicis
1294 4623 1467 4712 animum,
1492 4621 1612 4695 foedus
1645 4620 1733 4693 inter
1763 4620 1855 4690 hunc
1894 4622 1928 4689 δι

1578 4753 1582 4759 ·
1809 4739 1895 4812 Cae·
