<?xml version="1.0" encoding="UTF-8"?>
<!DOCTYPE html PUBLIC "-//W3C//DTD XHTML 1.0 Transitional//EN"
    "http://www.w3.org/TR/xhtml1/DTD/xhtml1-transitional.dtd">
<html xmlns="http://www.w3.org/1999/xhtml" xml:lang="en" lang="en">
 <head>
  <title>
</title>
<meta http-equiv="Content-Type" content="text/html;charset=utf-8" />
  <meta name='ocr-system' content='tesseract 3.04.00' />
  <meta name='ocr-capabilities' content='ocr_page ocr_carea ocr_par ocr_line ocrx_word'/>
</head>
<body>
  <div class='ocr_page' id='page_1' title='image "./leonisxpontific00fabrgoog_0145.png"; bbox 0 0 4386 5838; ppageno 0'>
   <div class='ocr_carea' id='block_1_1' title="bbox 149 625 1677 4436">
    <p class='ocr_par' dir='ltr' id='par_1_1' title="bbox 210 625 1580 1315">
     <span class='ocr_line' id='line_1_1' title="bbox 667 625 1533 724; baseline 0.002 -32"><span class='ocrx_word' id='word_1_1' title='bbox 667 627 697 692; x_wconf 85' lang='lat' dir='ltr'>V</span> <span class='ocrx_word' id='word_1_2' title='bbox 790 627 807 698; x_wconf 90' lang='lat'>1</span> <span class='ocrx_word' id='word_1_3' title='bbox 905 626 937 698; x_wconf 83' lang='lat' dir='ltr'><strong>&#39;l&#39;</strong></span> <span class='ocrx_word' id='word_1_4' title='bbox 1035 625 1097 724; x_wconf 84' lang='grc' dir='ltr'><strong>ΑΙ</strong></span> <span class='ocrx_word' id='word_1_5' title='bbox 1466 642 1533 710; x_wconf 79' lang='lat'><strong>137</strong></span> 
     </span>
     <span class='ocr_line' id='line_1_2' title="bbox 244 740 1572 836; baseline -0.004 -16"><span class='ocrx_word' id='word_1_6' title='bbox 244 750 323 820; x_wconf 79' lang='lat' dir='ltr'><strong>dum</strong></span> <span class='ocrx_word' id='word_1_7' title='bbox 341 748 490 818; x_wconf 84' lang='lat' dir='ltr'>dolemus</span> <span class='ocrx_word' id='word_1_8' title='bbox 515 745 677 816; x_wconf 79' lang='lat' dir='ltr'><strong>maximas</strong></span> <span class='ocrx_word' id='word_1_9' title='bbox 702 747 857 836; x_wconf 83' lang='lat' dir='ltr'>regiones</span> <span class='ocrx_word' id='word_1_10' title='bbox 882 745 1098 836; x_wconf 85' lang='lat' dir='ltr'><strong>impurissimi</strong></span> <span class='ocrx_word' id='word_1_11' title='bbox 1117 743 1265 817; x_wconf 87' lang='lat' dir='ltr'><strong>hominis</strong></span> <span class='ocrx_word' id='word_1_12' title='bbox 1287 763 1391 836; x_wconf 83' lang='lat' dir='ltr'><strong>opera</strong></span> <span class='ocrx_word' id='word_1_13' title='bbox 1415 741 1457 814; x_wconf 92' lang='lat' dir='ltr'><strong>de</strong></span> <span class='ocrx_word' id='word_1_14' title='bbox 1483 740 1572 815; x_wconf 67' lang='lat' dir='ltr'><strong>teila</strong></span> 
     </span>
     <span class='ocr_line' id='line_1_3' title="bbox 210 863 1575 955; baseline -0.004 -17"><span class='ocrx_word' id='word_1_15' title='bbox 210 868 216 878; x_wconf 86' lang='lat'>&#39;</span> <span class='ocrx_word' id='word_1_16' title='bbox 245 869 304 938; x_wconf 87' lang='lat' dir='ltr'><strong>via</strong></span> <span class='ocrx_word' id='word_1_17' title='bbox 329 866 542 946; x_wconf 82' lang='lat' dir='ltr'><strong>deflexisse,</strong></span> <span class='ocrx_word' id='word_1_18' title='bbox 568 864 648 934; x_wconf 91' lang='lat' dir='ltr'><strong>illud</strong></span> <span class='ocrx_word' id='word_1_19' title='bbox 664 867 696 934; x_wconf 72' lang='lat' dir='ltr'><strong>bt</strong></span> <span class='ocrx_word' id='word_1_20' title='bbox 714 865 932 935; x_wconf 85' lang='lat' dir='ltr'><strong>moerendum</strong></span> <span class='ocrx_word' id='word_1_21' title='bbox 947 885 1105 955; x_wconf 87' lang='lat' dir='ltr'><strong>putamus</strong></span> <span class='ocrx_word' id='word_1_22' title='bbox 1129 867 1231 938; x_wconf 90' lang='lat' dir='ltr'><strong>taut-is</strong></span> <span class='ocrx_word' id='word_1_23' title='bbox 1255 863 1400 936; x_wconf 89' lang='lat' dir='ltr'><strong>motibus</strong></span> <span class='ocrx_word' id='word_1_24' title='bbox 1418 882 1575 933; x_wconf 85' lang='lat' dir='ltr'><strong>caussam</strong></span> 
     </span>
     <span class='ocr_line' id='line_1_4' title="bbox 244 983 1575 1076; baseline -0.003 -20"><span class='ocrx_word' id='word_1_25' title='bbox 244 987 378 1058; x_wconf 89' lang='lat' dir='ltr'><strong>dedisse</strong></span> <span class='ocrx_word' id='word_1_26' title='bbox 398 984 618 1074; x_wconf 88' lang='lat' dir='ltr'><strong>cupiditatem</strong></span> <span class='ocrx_word' id='word_1_27' title='bbox 638 986 868 1076; x_wconf 73' lang='lat' dir='ltr'><strong>corrogandae</strong></span> <span class='ocrx_word' id='word_1_28' title='bbox 888 986 1051 1073; x_wconf 90' lang='lat' dir='ltr'><strong>pecuniae</strong></span> <span class='ocrx_word' id='word_1_29' title='bbox 1066 1010 1108 1058; x_wconf 83' lang='lat' dir='ltr'><strong>ex</strong></span> <span class='ocrx_word' id='word_1_30' title='bbox 1125 986 1231 1058; x_wconf 88' lang='lat' dir='ltr'><strong>sacris</strong></span> <span class='ocrx_word' id='word_1_31' title='bbox 1247 983 1488 1076; x_wconf 83' lang='lat' dir='ltr'><strong>indulgentiis,</strong></span> <span class='ocrx_word' id='word_1_32' title='bbox 1504 988 1575 1074; x_wconf 85' lang='lat' dir='ltr'><strong>qud</strong></span> 
     </span>
     <span class='ocr_line' id='line_1_5' title="bbox 243 1099 1573 1196; baseline -0.001 -24"><span class='ocrx_word' id='word_1_33' title='bbox 243 1101 406 1174; x_wconf 84' lang='lat' dir='ltr'><strong>beneficio</strong></span> <span class='ocrx_word' id='word_1_34' title='bbox 425 1107 505 1174; x_wconf 90' lang='lat' dir='ltr'><strong>adeo</strong></span> <span class='ocrx_word' id='word_1_35' title='bbox 522 1105 745 1176; x_wconf 82' lang='lat' dir='ltr'><strong>abutebantur</strong></span> <span class='ocrx_word' id='word_1_36' title='bbox 759 1107 895 1196; x_wconf 84' lang='lat' dir='ltr'><strong>Legati,</strong></span> <span class='ocrx_word' id='word_1_37' title='bbox 911 1123 950 1175; x_wconf 92' lang='lat' dir='ltr'><strong>ut</strong></span> <span class='ocrx_word' id='word_1_38' title='bbox 965 1128 1001 1175; x_wconf 90' lang='lat' dir='ltr'><strong>se</strong></span> <span class='ocrx_word' id='word_1_39' title='bbox 1019 1105 1146 1174; x_wconf 89' lang='lat' dir='ltr'><strong>animas</strong></span> <span class='ocrx_word' id='word_1_40' title='bbox 1164 1101 1417 1187; x_wconf 77' lang='lat' dir='ltr'><strong>defunctorum,</strong></span> <span class='ocrx_word' id='word_1_41' title='bbox 1435 1099 1573 1192; x_wconf 83' lang='lat' dir='ltr'><strong>singulis</strong></span> 
     </span>
     <span class='ocr_line' id='line_1_6' title="bbox 244 1221 1580 1315; baseline 0 -23"><span class='ocrx_word' id='word_1_42' title='bbox 244 1225 389 1312; x_wconf 89' lang='lat' dir='ltr'><strong>acceptis</strong></span> <span class='ocrx_word' id='word_1_43' title='bbox 402 1223 531 1304; x_wconf 87' lang='lat' dir='ltr'><strong>aureis,</strong></span> <span class='ocrx_word' id='word_1_44' title='bbox 547 1225 707 1310; x_wconf 80' lang='lat' dir='ltr'><strong>expiare,</strong></span> <span class='ocrx_word' id='word_1_45' title='bbox 729 1227 762 1294; x_wconf 74' lang='lat' dir='ltr'><strong>bt</strong></span> <span class='ocrx_word' id='word_1_46' title='bbox 789 1248 807 1292; x_wconf 91' lang='lat' dir='ltr'><strong>a</strong></span> <span class='ocrx_word' id='word_1_47' title='bbox 825 1225 1014 1315; x_wconf 90' lang='lat' dir='ltr'><strong>Purgatorii</strong></span> <span class='ocrx_word' id='word_1_48' title='bbox 1030 1225 1150 1313; x_wconf 91' lang='lat' dir='ltr'><strong>poenis</strong></span> <span class='ocrx_word' id='word_1_49' title='bbox 1172 1223 1301 1312; x_wconf 88' lang='lat' dir='ltr'><strong>eripere</strong></span> <span class='ocrx_word' id='word_1_50' title='bbox 1324 1221 1580 1311; x_wconf 71' lang='lat' dir='ltr'><strong>profiterenturr&#39;</strong></span> 
     </span>
    </p>

    <p class='ocr_par' dir='ltr' id='par_1_2' title="bbox 149 1338 1677 4436">
     <span class='ocr_line' id='line_1_7' title="bbox 342 1338 1575 1432; baseline -0.001 -22"><span class='ocrx_word' id='word_1_51' title='bbox 342 1345 426 1410; x_wconf 87' lang='lat' dir='ltr'><strong>Cum</strong></span> <span class='ocrx_word' id='word_1_52' title='bbox 447 1343 589 1429; x_wconf 89' lang='lat' dir='ltr'><strong>primum</strong></span> <span class='ocrx_word' id='word_1_53' title='bbox 610 1342 722 1430; x_wconf 92' lang='lat' dir='ltr'><strong>coepit</strong></span> <span class='ocrx_word' id='word_1_54' title='bbox 747 1345 915 1413; x_wconf 88' lang='lat' dir='ltr'><strong>Lutherus</strong></span> <span class='ocrx_word' id='word_1_55' title='bbox 935 1365 1016 1414; x_wconf 88' lang='lat' dir='ltr'><strong>suos</strong></span> <span class='ocrx_word' id='word_1_56' title='bbox 1041 1365 1198 1432; x_wconf 85' lang='lat' dir='ltr'><strong>spargere</strong></span> <span class='ocrx_word' id='word_1_57' title='bbox 1213 1363 1369 1425; x_wconf 88' lang='lat' dir='ltr'><strong>errores,</strong></span> <span class='ocrx_word' id='word_1_58' title='bbox 1391 1338 1575 1432; x_wconf 90' lang='lat' dir='ltr'><strong>periculum</strong></span> 
     </span>
     <span class='ocr_line' id='line_1_8' title="bbox 244 1441 1573 1554; baseline -0.003 -22"><span class='ocrx_word' id='word_1_59' title='bbox 244 1463 308 1534; x_wconf 87' lang='lat' dir='ltr'><strong>sibi</strong></span> <span class='ocrx_word' id='word_1_60' title='bbox 332 1488 352 1534; x_wconf 91' lang='lat' dir='ltr'><strong>a</strong></span> <span class='ocrx_word' id='word_1_61' title='bbox 376 1462 608 1532; x_wconf 78' lang='lat' dir='ltr'><strong>Maximiliano</strong></span> <span class='ocrx_word' id='word_1_62' title='bbox 630 1465 793 1546; x_wconf 78' lang='lat' dir='ltr'><strong>Caesare,</strong></span> <span class='ocrx_word' id='word_1_63' title='bbox 820 1441 880 1553; x_wconf 90' lang='lat' dir='ltr'><strong>qui</strong></span> <span class='ocrx_word' id='word_1_64' title='bbox 903 1487 1077 1554; x_wconf 89' lang='lat' dir='ltr'><strong>nunquam</strong></span> <span class='ocrx_word' id='word_1_65' title='bbox 1105 1485 1174 1532; x_wconf 91' lang='lat' dir='ltr'><strong>non</strong></span> <span class='ocrx_word' id='word_1_66' title='bbox 1197 1461 1507 1533; x_wconf 87' lang='lat' dir='ltr'><strong>dederat·hominis</strong></span> <span class='ocrx_word' id='word_1_67' title='bbox 1539 1462 1573 1528; x_wconf 91' lang='lat' dir='ltr'><strong>in</strong></span> 
     </span>
     <span class='ocr_line' id='line_1_9' title="bbox 246 1579 1574 1672; baseline -0.002 -20"><span class='ocrx_word' id='word_1_68' title='bbox 246 1603 316 1652; x_wconf 89' lang='lat' dir='ltr'><strong>tem</strong></span> <span class='ocrx_word' id='word_1_69' title='bbox 336 1579 535 1653; x_wconf 87' lang='lat' dir='ltr'><strong>catholicam</strong></span> <span class='ocrx_word' id='word_1_70' title='bbox 560 1582 644 1652; x_wconf 92' lang='lat' dir='ltr'><strong>bene</strong></span> <span class='ocrx_word' id='word_1_71' title='bbox 672 1582 810 1650; x_wconf 89' lang='lat' dir='ltr'><strong>animati</strong></span> <span class='ocrx_word' id='word_1_72' title='bbox 835 1582 952 1672; x_wconf 84' lang='lat' dir='ltr'><strong>signa,</strong></span> <span class='ocrx_word' id='word_1_73' title='bbox 976 1584 1120 1653; x_wconf 90' lang='lat' dir='ltr'><strong>metuit.</strong></span> <span class='ocrx_word' id='word_1_74' title='bbox 1146 1585 1214 1652; x_wconf 85' lang='lat' dir='ltr'><strong>Nec</strong></span> <span class='ocrx_word' id='word_1_75' title='bbox 1241 1605 1321 1651; x_wconf 91' lang='lat' dir='ltr'><strong>sane</strong></span> <span class='ocrx_word' id='word_1_76' title='bbox 1343 1580 1423 1650; x_wconf 90' lang='lat' dir='ltr'><strong>huic</strong></span> <span class='ocrx_word' id='word_1_77' title='bbox 1459 1581 1574 1650; x_wconf 89' lang='lat' dir='ltr'><strong>deerat</strong></span> 
     </span>
     <span class='ocr_line' id='line_1_10' title="bbox 230 1699 1576 1802; baseline -0.004 -27"><span class='ocrx_word' id='word_1_78' title='bbox 230 1705 289 1802; x_wconf 59' lang='lat' dir='ltr'><strong>⁴ad</strong></span> <span class='ocrx_word' id='word_1_79' title='bbox 314 1703 582 1774; x_wconf 85' lang='lat' dir='ltr'><strong>conservandam</strong></span> <span class='ocrx_word' id='word_1_80' title='bbox 608 1701 888 1791; x_wconf 87' lang='lat' dir='ltr'><strong>tranquillitatem</strong></span> <span class='ocrx_word' id='word_1_81' title='bbox 914 1699 1096 1783; x_wconf 88' lang='lat' dir='ltr'><strong>voluntas,</strong></span> <span class='ocrx_word' id='word_1_82' title='bbox 1122 1725 1185 1771; x_wconf 90' lang='lat' dir='ltr'><strong>nec</strong></span> <span class='ocrx_word' id='word_1_83' title='bbox 1209 1701 1381 1793; x_wconf 85' lang='lat' dir='ltr'><strong>ingenium</strong></span> <span class='ocrx_word' id='word_1_84' title='bbox 1422 1702 1463 1772; x_wconf 92' lang='lat' dir='ltr'><strong>ad</strong></span> <span class='ocrx_word' id='word_1_85' title='bbox 1505 1725 1576 1770; x_wconf 91' lang='lat' dir='ltr'><strong>no·</strong></span> 
     </span>
     <span class='ocr_line' id='line_1_11' title="bbox 149 1820 1574 1918; baseline -0.001 -26"><span class='ocrx_word' id='word_1_86' title='bbox 149 1913 152 1918; x_wconf 68' lang='lat'><strong>,</strong></span> <span class='ocrx_word' id='word_1_87' title='bbox 244 1824 404 1894; x_wconf 89' lang='lat' dir='ltr'><strong>scendum</strong></span> <span class='ocrx_word' id='word_1_88' title='bbox 424 1823 504 1913; x_wconf 91' lang='lat' dir='ltr'><strong>quid</strong></span> <span class='ocrx_word' id='word_1_89' title='bbox 531 1821 617 1892; x_wconf 72' lang='lat' dir='ltr'><strong>facio</strong></span> <span class='ocrx_word' id='word_1_90' title='bbox 641 1843 727 1908; x_wconf 85' lang='lat' dir='ltr'><strong>opus</strong></span> <span class='ocrx_word' id='word_1_91' title='bbox 753 1838 869 1901; x_wconf 86' lang='lat' dir='ltr'><strong>esset,</strong></span> <span class='ocrx_word' id='word_1_92' title='bbox 892 1820 950 1890; x_wconf 91' lang='lat' dir='ltr'><strong>sed</strong></span> <span class='ocrx_word' id='word_1_93' title='bbox 991 1823 1025 1890; x_wconf 91' lang='lat' dir='ltr'><strong>in</strong></span> <span class='ocrx_word' id='word_1_94' title='bbox 1048 1820 1261 1892; x_wconf 89' lang='lat' dir='ltr'><strong>deliberando</strong></span> <span class='ocrx_word' id='word_1_95' title='bbox 1300 1837 1399 1909; x_wconf 86' lang='lat' dir='ltr'><strong>saepe</strong></span> <span class='ocrx_word' id='word_1_96' title='bbox 1440 1822 1574 1892; x_wconf 85' lang='lat' dir='ltr'><strong>animus</strong></span> 
     </span>
     <span class='ocr_line' id='line_1_12' title="bbox 244 1939 1573 2031; baseline -0.002 -19"><span class='ocrx_word' id='word_1_97' title='bbox 244 1941 335 2014; x_wconf 88' lang='lat' dir='ltr'><strong>illius</strong></span> <span class='ocrx_word' id='word_1_98' title='bbox 362 1944 397 2012; x_wconf 94' lang='lat' dir='ltr'><strong>in</strong></span> <span class='ocrx_word' id='word_1_99' title='bbox 423 1944 612 2014; x_wconf 89' lang='lat' dir='ltr'><strong>contrarias</strong></span> <span class='ocrx_word' id='word_1_100' title='bbox 638 1961 751 2031; x_wconf 89' lang='lat' dir='ltr'><strong>partes</strong></span> <span class='ocrx_word' id='word_1_101' title='bbox 775 1941 1041 2026; x_wconf 87' lang='lat' dir='ltr'><strong>distrahebatur,</strong></span> <span class='ocrx_word' id='word_1_102' title='bbox 1067 1941 1295 2030; x_wconf 87' lang='lat' dir='ltr'><strong>&amp;praecipiti</strong></span> <span class='ocrx_word' id='word_1_103' title='bbox 1322 1940 1494 2010; x_wconf 89' lang='lat' dir='ltr'><strong>celeritate</strong></span> <span class='ocrx_word' id='word_1_104' title='bbox 1517 1939 1573 2013; x_wconf 89' lang='lat' dir='ltr'><strong>vel</strong></span> 
     </span>
     <span class='ocr_line' id='line_1_13' title="bbox 244 2061 1575 2155; baseline -0.003 -21"><span class='ocrx_word' id='word_1_105' title='bbox 244 2087 309 2146; x_wconf 86' lang='lat' dir='ltr'><strong>ea,</strong></span> <span class='ocrx_word' id='word_1_106' title='bbox 336 2088 422 2155; x_wconf 88' lang='lat' dir='ltr'><strong>quae</strong></span> <span class='ocrx_word' id='word_1_107' title='bbox 446 2063 672 2132; x_wconf 88' lang='lat' dir='ltr'><strong>maturissime</strong></span> <span class='ocrx_word' id='word_1_108' title='bbox 698 2063 789 2148; x_wconf 91' lang='lat' dir='ltr'><strong>prius</strong></span> <span class='ocrx_word' id='word_1_109' title='bbox 814 2061 996 2150; x_wconf 84' lang='lat' dir='ltr'><strong>judicanda</strong></span> <span class='ocrx_word' id='word_1_110' title='bbox 1020 2081 1137 2143; x_wconf 86' lang='lat' dir='ltr'><strong>erant,</strong></span> <span class='ocrx_word' id='word_1_111' title='bbox 1170 2061 1415 2152; x_wconf 85' lang='lat' dir='ltr'><strong>exequebatur.</strong></span> <span class='ocrx_word' id='word_1_112' title='bbox 1450 2066 1575 2132; x_wconf 82' lang='lat' dir='ltr'><strong>lucun-</strong></span> 
     </span>
     <span class='ocr_line' id='line_1_14' title="bbox 245 2179 1574 2272; baseline -0.005 -18"><span class='ocrx_word' id='word_1_113' title='bbox 245 2185 326 2254; x_wconf 91' lang='lat' dir='ltr'><strong>dum</strong></span> <span class='ocrx_word' id='word_1_114' title='bbox 351 2182 401 2251; x_wconf 90' lang='lat' dir='ltr'><strong>illi</strong></span> <span class='ocrx_word' id='word_1_115' title='bbox 426 2183 558 2272; x_wconf 85' lang='lat' dir='ltr'><strong>quidem</strong></span> <span class='ocrx_word' id='word_1_116' title='bbox 585 2181 651 2250; x_wconf 85' lang='lat' dir='ltr'><strong>suit</strong></span> <span class='ocrx_word' id='word_1_117' title='bbox 677 2179 801 2272; x_wconf 88' lang='lat' dir='ltr'><strong>requiri</strong></span> <span class='ocrx_word' id='word_1_118' title='bbox 826 2205 845 2248; x_wconf 93' lang='lat' dir='ltr'><strong>a</strong></span> <span class='ocrx_word' id='word_1_119' title='bbox 866 2183 976 2248; x_wconf 88' lang='lat' dir='ltr'><strong>Leone</strong></span> <span class='ocrx_word' id='word_1_120' title='bbox 1002 2181 1147 2249; x_wconf 82' lang='lat' dir='ltr'><strong>officium</strong></span> <span class='ocrx_word' id='word_1_121' title='bbox 1173 2203 1295 2258; x_wconf 86' lang='lat' dir='ltr'><strong>suurn,</strong></span> <span class='ocrx_word' id='word_1_122' title='bbox 1318 2183 1464 2270; x_wconf 89' lang='lat' dir='ltr'><strong>dumque</strong></span> <span class='ocrx_word' id='word_1_123' title='bbox 1493 2205 1574 2248; x_wconf 90' lang='lat' dir='ltr'><strong>mo-</strong></span> 
     </span>
     <span class='ocr_line' id='line_1_15' title="bbox 247 2297 1574 2390; baseline -0.004 -18"><span class='ocrx_word' id='word_1_124' title='bbox 247 2300 298 2372; x_wconf 90' lang='lat' dir='ltr'><strong>liri</strong></span> <span class='ocrx_word' id='word_1_125' title='bbox 323 2303 471 2372; x_wconf 88' lang='lat' dir='ltr'><strong>Luthero</strong></span> <span class='ocrx_word' id='word_1_126' title='bbox 497 2301 641 2370; x_wconf 88' lang='lat' dir='ltr'><strong>sortasse</strong></span> <span class='ocrx_word' id='word_1_127' title='bbox 666 2298 794 2389; x_wconf 85' lang='lat' dir='ltr'><strong>aliquid</strong></span> <span class='ocrx_word' id='word_1_128' title='bbox 819 2297 1017 2367; x_wconf 90' lang='lat' dir='ltr'><strong>calamitatis</strong></span> <span class='ocrx_word' id='word_1_129' title='bbox 1035 2300 1231 2390; x_wconf 87' lang='lat' dir='ltr'><strong>cogitabat,</strong></span> <span class='ocrx_word' id='word_1_130' title='bbox 1257 2300 1408 2369; x_wconf 88' lang='lat' dir='ltr'><strong>debitum</strong></span> <span class='ocrx_word' id='word_1_131' title='bbox 1434 2317 1574 2368; x_wconf 88' lang='lat' dir='ltr'><strong>naturae</strong></span> 
     </span>
     <span class='ocr_line' id='line_1_16' title="bbox 248 2418 1577 2518; baseline 0.001 -29"><span class='ocrx_word' id='word_1_132' title='bbox 248 2420 391 2490; x_wconf 88' lang='lat' dir='ltr'><strong>reddidit</strong></span> <span class='ocrx_word' id='word_1_133' title='bbox 417 2420 735 2509; x_wconf 66' lang='lat' dir='ltr'><strong>platearunt</strong></span> <span class='ocrx_word' id='word_1_134' title='bbox 760 2443 812 2488; x_wconf 93' lang='lat' dir='ltr'><strong>an.</strong></span> <span class='ocrx_word' id='word_1_135' title='bbox 829 2420 1086 2518; x_wconf 34' lang='lat' dir='ltr'><strong>ttoxtquum</strong></span> <span class='ocrx_word' id='word_1_136' title='bbox 1110 2441 1172 2487; x_wconf 89' lang='lat' dir='ltr'><strong>sua</strong></span> <span class='ocrx_word' id='word_1_137' title='bbox 1207 2425 1240 2490; x_wconf 79' lang='lat' dir='ltr'><strong>bt</strong></span> <span class='ocrx_word' id='word_1_138' title='bbox 1265 2418 1475 2509; x_wconf 87' lang='lat' dir='ltr'><strong>Reipublicae</strong></span> <span class='ocrx_word' id='word_1_139' title='bbox 1502 2443 1577 2508; x_wconf 89' lang='lat' dir='ltr'><strong>per·</strong></span> 
     </span>
     <span class='ocr_line' id='line_1_17' title="bbox 247 2539 1575 2634; baseline -0.003 -22"><span class='ocrx_word' id='word_1_140' title='bbox 247 2543 358 2634; x_wconf 86' lang='lat' dir='ltr'><strong>magni</strong></span> <span class='ocrx_word' id='word_1_141' title='bbox 384 2543 543 2612; x_wconf 88' lang='lat' dir='ltr'><strong>interesse</strong></span> <span class='ocrx_word' id='word_1_142' title='bbox 567 2539 703 2628; x_wconf 83' lang='lat' dir='ltr'><strong>putavit</strong></span> <span class='ocrx_word' id='word_1_143' title='bbox 727 2543 819 2622; x_wconf 83' lang='lat' dir='ltr'><strong>Leo,</strong></span> <span class='ocrx_word' id='word_1_144' title='bbox 844 2558 882 2606; x_wconf 90' lang='lat' dir='ltr'><strong>ut</strong></span> <span class='ocrx_word' id='word_1_145' title='bbox 908 2539 942 2607; x_wconf 90' lang='lat' dir='ltr'><strong>iu</strong></span> <span class='ocrx_word' id='word_1_146' title='bbox 972 2539 1136 2628; x_wconf 84' lang='lat' dir='ltr'><strong>ejusmodi</strong></span> <span class='ocrx_word' id='word_1_147' title='bbox 1175 2563 1285 2609; x_wconf 92' lang='lat' dir='ltr'><strong>rerum</strong></span> <span class='ocrx_word' id='word_1_148' title='bbox 1321 2541 1575 2628; x_wconf 84' lang='lat' dir='ltr'><strong>perturbatione</strong></span> 
     </span>
     <span class='ocr_line' id='line_1_18' title="bbox 247 2655 1608 2748; baseline -0.004 -16"><span class='ocrx_word' id='word_1_149' title='bbox 247 2663 472 2742; x_wconf 82' lang='lat' dir='ltr'><strong>iscrearetur</strong></span> <span class='ocrx_word' id='word_1_150' title='bbox 496 2664 651 2742; x_wconf 89' lang='lat' dir='ltr'><strong>Caesar,</strong></span> <span class='ocrx_word' id='word_1_151' title='bbox 677 2661 736 2748; x_wconf 93' lang='lat' dir='ltr'><strong>qui</strong></span> <span class='ocrx_word' id='word_1_152' title='bbox 761 2661 934 2726; x_wconf 87' lang='lat' dir='ltr'><strong>Romanae</strong></span> <span class='ocrx_word' id='word_1_153' title='bbox 949 2655 1118 2724; x_wconf 86' lang='lat' dir='ltr'><strong>Ecclesiae</strong></span> <span class='ocrx_word' id='word_1_154' title='bbox 1133 2659 1355 2744; x_wconf 90' lang='lat' dir='ltr'><strong>patrocinium</strong></span> <span class='ocrx_word' id='word_1_155' title='bbox 1371 2662 1574 2748; x_wconf 84' lang='lat' dir='ltr'><strong>susciperet,</strong></span> <span class='ocrx_word' id='word_1_156' title='bbox 1604 2720 1608 2726; x_wconf 87' lang='lat'>.</span> 
     </span>
     <span class='ocr_line' id='line_1_19' title="bbox 247 2773 1574 2870; baseline -0.002 -17"><span class='ocrx_word' id='word_1_157' title='bbox 247 2784 450 2870; x_wconf 88' lang='lat' dir='ltr'><strong>minimeque</strong></span> <span class='ocrx_word' id='word_1_158' title='bbox 474 2779 624 2850; x_wconf 89' lang='lat' dir='ltr'><strong>turbaret</strong></span> <span class='ocrx_word' id='word_1_159' title='bbox 650 2773 929 2864; x_wconf 87' lang='lat' dir='ltr'><strong>tranquillitatem</strong></span> <span class='ocrx_word' id='word_1_160' title='bbox 953 2775 1090 2857; x_wconf 88' lang='lat' dir='ltr'><strong>ltaliae,</strong></span> <span class='ocrx_word' id='word_1_161' title='bbox 1114 2799 1219 2865; x_wconf 91' lang='lat' dir='ltr'><strong>quare</strong></span> <span class='ocrx_word' id='word_1_162' title='bbox 1243 2779 1290 2847; x_wconf 92' lang='lat' dir='ltr'><strong>ita</strong></span> <span class='ocrx_word' id='word_1_163' title='bbox 1315 2801 1352 2846; x_wconf 92' lang='lat' dir='ltr'><strong>se</strong></span> <span class='ocrx_word' id='word_1_164' title='bbox 1376 2781 1509 2870; x_wconf 89' lang='lat' dir='ltr'><strong>gessit,</strong></span> <span class='ocrx_word' id='word_1_165' title='bbox 1534 2801 1574 2851; x_wconf 90' lang='lat' dir='ltr'><strong>ut</strong></span> 
     </span>
     <span class='ocr_line' id='line_1_20' title="bbox 246 2875 1677 2992; baseline -0.001 -22"><span class='ocrx_word' id='word_1_166' title='bbox 246 2899 526 2992; x_wconf 87' lang='lat' dir='ltr'><strong>prudentissimus</strong></span> <span class='ocrx_word' id='word_1_167' title='bbox 552 2895 595 2966; x_wconf 88' lang='lat' dir='ltr'><strong>ad</strong></span> <span class='ocrx_word' id='word_1_168' title='bbox 633 2892 772 2964; x_wconf 88' lang='lat' dir='ltr'><strong>consilia</strong></span> <span class='ocrx_word' id='word_1_169' title='bbox 810 2916 884 2964; x_wconf 88' lang='lat' dir='ltr'><strong>esse</strong></span> <span class='ocrx_word' id='word_1_170' title='bbox 922 2894 1155 2985; x_wconf 83' lang='lat' dir='ltr'><strong>judicaretur.</strong></span> <span class='ocrx_word' id='word_1_171' title='bbox 1189 2898 1436 2986; x_wconf 87' lang='lat' dir='ltr'><strong>Competitores</strong></span> <span class='ocrx_word' id='word_1_172' title='bbox 1475 2918 1573 2969; x_wconf 90' lang='lat' dir='ltr'><strong>eraut</strong></span> <span class='ocrx_word' id='word_1_173' title='bbox 1674 2875 1677 2882; x_wconf 34' lang='lat'><strong>⁴</strong></span> 
     </span>
     <span class='ocr_line' id='line_1_21' title="bbox 245 3011 1575 3108; baseline -0.001 -18"><span class='ocrx_word' id='word_1_174' title='bbox 245 3019 450 3090; x_wconf 85' lang='lat' dir='ltr'><strong>Franciscus</strong></span> <span class='ocrx_word' id='word_1_175' title='bbox 475 3014 679 3095; x_wconf 72' lang='lat' dir='ltr'><strong>Galliarum,</strong></span> <span class='ocrx_word' id='word_1_176' title='bbox 705 3021 738 3084; x_wconf 77' lang='grc' dir='ltr'><strong>δι</strong></span> <span class='ocrx_word' id='word_1_177' title='bbox 763 3011 906 3086; x_wconf 82' lang='lat' dir='ltr'><strong>Carolus</strong></span> <span class='ocrx_word' id='word_1_178' title='bbox 930 3015 1162 3103; x_wconf 88' lang='lat' dir='ltr'><strong>Hispaniarum</strong></span> <span class='ocrx_word' id='word_1_179' title='bbox 1186 3019 1314 3107; x_wconf 87' lang='lat' dir='ltr'><strong>Reges,</strong></span> <span class='ocrx_word' id='word_1_180' title='bbox 1339 3041 1448 3108; x_wconf 90' lang='lat' dir='ltr'><strong>neque</strong></span> <span class='ocrx_word' id='word_1_181' title='bbox 1472 3020 1575 3089; x_wconf 68' lang='lat' dir='ltr'><strong>dubi-‘-</strong></span> 
     </span>
     <span class='ocr_line' id='line_1_22' title="bbox 247 3117 1585 3228; baseline -0.001 -17"><span class='ocrx_word' id='word_1_182' title='bbox 247 3140 368 3224; x_wconf 89' lang='lat' dir='ltr'><strong>tabat,</strong></span> <span class='ocrx_word' id='word_1_183' title='bbox 394 3138 478 3228; x_wconf 92' lang='lat' dir='ltr'><strong>quin</strong></span> <span class='ocrx_word' id='word_1_184' title='bbox 503 3138 532 3206; x_wconf 93' lang='lat' dir='ltr'><strong>si</strong></span> <span class='ocrx_word' id='word_1_185' title='bbox 556 3137 676 3206; x_wconf 83' lang='lat' dir='ltr'><strong>hortun</strong></span> <span class='ocrx_word' id='word_1_186' title='bbox 700 3133 861 3206; x_wconf 88' lang='lat' dir='ltr'><strong>alteruter</strong></span> <span class='ocrx_word' id='word_1_187' title='bbox 886 3117 1090 3226; x_wconf 80' lang='lat' dir='ltr'><strong>eligeretur,</strong></span> <span class='ocrx_word' id='word_1_188' title='bbox 1117 3153 1212 3205; x_wconf 88' lang='lat' dir='ltr'><strong>tanta</strong></span> <span class='ocrx_word' id='word_1_189' title='bbox 1239 3135 1510 3226; x_wconf 77' lang='lat' dir='ltr'><strong>sorerpotentia,</strong></span> <span class='ocrx_word' id='word_1_190' title='bbox 1536 3139 1585 3210; x_wconf 77' lang='lat' dir='ltr'><strong>ut&#39;</strong></span> 
     </span>
     <span class='ocr_line' id='line_1_23' title="bbox 248 3253 1666 3358; baseline -0.002 -28"><span class='ocrx_word' id='word_1_191' title='bbox 248 3259 341 3330; x_wconf 88' lang='lat' dir='ltr'><strong>nulla</strong></span> <span class='ocrx_word' id='word_1_192' title='bbox 366 3259 400 3330; x_wconf 92' lang='lat' dir='ltr'><strong>vi</strong></span> <span class='ocrx_word' id='word_1_193' title='bbox 427 3253 838 3343; x_wconf 79' lang='lat' dir='ltr'><strong>labefactariporuisser.</strong></span> <span class='ocrx_word' id='word_1_194' title='bbox 863 3257 1012 3346; x_wconf 86' lang='lat' dir='ltr'><strong>Uterque</strong></span> <span class='ocrx_word' id='word_1_195' title='bbox 1035 3257 1134 3358; x_wconf 88' lang='lat' dir='ltr'><strong>etiam</strong></span> <span class='ocrx_word' id='word_1_196' title='bbox 1174 3280 1309 3348; x_wconf 89' lang='lat' dir='ltr'><strong>magnas</strong></span> <span class='ocrx_word' id='word_1_197' title='bbox 1346 3260 1575 3345; x_wconf 87' lang='lat' dir='ltr'><strong>possessiones</strong></span> <span class='ocrx_word' id='word_1_198' title='bbox 1662 3288 1666 3296; x_wconf 94' lang='lat'>·</span> 
     </span>
     <span class='ocr_line' id='line_1_24' title="bbox 249 3367 1576 3463; baseline 0 -15"><span class='ocrx_word' id='word_1_199' title='bbox 249 3380 284 3448; x_wconf 89' lang='lat' dir='ltr'><strong>in</strong></span> <span class='ocrx_word' id='word_1_200' title='bbox 309 3367 407 3448; x_wconf 86' lang='lat' dir='ltr'><strong>ltalia</strong></span> <span class='ocrx_word' id='word_1_201' title='bbox 430 3377 599 3458; x_wconf 80' lang='lat' dir='ltr'><strong>habebat3</strong></span> <span class='ocrx_word' id='word_1_202' title='bbox 623 3397 701 3444; x_wconf 88' lang='lat' dir='ltr'><strong>nant</strong></span> <span class='ocrx_word' id='word_1_203' title='bbox 726 3373 921 3448; x_wconf 84' lang='lat' dir='ltr'><strong>Franciscus</strong></span> <span class='ocrx_word' id='word_1_204' title='bbox 947 3375 1118 3463; x_wconf 88' lang='lat' dir='ltr'><strong>imperium</strong></span> <span class='ocrx_word' id='word_1_205' title='bbox 1158 3378 1293 3446; x_wconf 88' lang='lat' dir='ltr'><strong>tenebat</strong></span> <span class='ocrx_word' id='word_1_206' title='bbox 1333 3377 1368 3446; x_wconf 92' lang='lat' dir='ltr'><strong>itt</strong></span> <span class='ocrx_word' id='word_1_207' title='bbox 1403 3377 1576 3448; x_wconf 83' lang='lat' dir='ltr'><strong>Mediola-</strong></span> 
     </span>
     <span class='ocr_line' id='line_1_25' title="bbox 249 3491 1578 3587; baseline 0 -21"><span class='ocrx_word' id='word_1_208' title='bbox 249 3519 372 3567; x_wconf 87' lang='lat' dir='ltr'><strong>nenses</strong></span> <span class='ocrx_word' id='word_1_209' title='bbox 408 3500 442 3568; x_wconf 83' lang='lat'>&amp;</span> <span class='ocrx_word' id='word_1_210' title='bbox 474 3498 699 3574; x_wconf 88' lang='lat' dir='ltr'><strong>Genuenses,</strong></span> <span class='ocrx_word' id='word_1_211' title='bbox 723 3491 865 3563; x_wconf 91' lang='lat' dir='ltr'><strong>Carolus</strong></span> <span class='ocrx_word' id='word_1_212' title='bbox 891 3491 927 3561; x_wconf 92' lang='lat' dir='ltr'><strong>in</strong></span> <span class='ocrx_word' id='word_1_213' title='bbox 952 3494 1219 3581; x_wconf 86' lang='lat' dir='ltr'><strong>Neapolitanos,</strong></span> <span class='ocrx_word' id='word_1_214' title='bbox 1246 3519 1351 3587; x_wconf 89' lang='lat' dir='ltr'><strong>quare</strong></span> <span class='ocrx_word' id='word_1_215' title='bbox 1376 3497 1444 3566; x_wconf 91' lang='lat' dir='ltr'><strong>Leo</strong></span> <span class='ocrx_word' id='word_1_216' title='bbox 1468 3517 1578 3567; x_wconf 85' lang='lat' dir='ltr'><strong>exco-</strong></span> 
     </span>
     <span class='ocr_line' id='line_1_26' title="bbox 248 3613 1577 3706; baseline 0.002 -22"><span class='ocrx_word' id='word_1_217' title='bbox 248 3615 372 3706; x_wconf 79' lang='lat' dir='ltr'><strong>gitavit</strong></span> <span class='ocrx_word' id='word_1_218' title='bbox 395 3613 574 3705; x_wconf 83' lang='lat' dir='ltr'><strong>diligenter</strong></span> <span class='ocrx_word' id='word_1_219' title='bbox 605 3620 638 3686; x_wconf 75' lang='lat' dir='ltr'><strong>bt</strong></span> <span class='ocrx_word' id='word_1_220' title='bbox 664 3632 789 3698; x_wconf 90' lang='lat' dir='ltr'><strong>caute,</strong></span> <span class='ocrx_word' id='word_1_221' title='bbox 813 3613 843 3682; x_wconf 87' lang='lat' dir='ltr'><strong>si</strong></span> <span class='ocrx_word' id='word_1_222' title='bbox 865 3634 935 3706; x_wconf 89' lang='lat' dir='ltr'><strong>quo</strong></span> <span class='ocrx_word' id='word_1_223' title='bbox 961 3615 1062 3683; x_wconf 87' lang='lat' dir='ltr'><strong>modo</strong></span> <span class='ocrx_word' id='word_1_224' title='bbox 1087 3614 1223 3685; x_wconf 86' lang='lat' dir='ltr'><strong>excludi</strong></span> <span class='ocrx_word' id='word_1_225' title='bbox 1255 3616 1279 3686; x_wconf 91' lang='lat' dir='ltr'><strong>ii</strong></span> <span class='ocrx_word' id='word_1_226' title='bbox 1303 3615 1494 3704; x_wconf 89' lang='lat' dir='ltr'><strong>potuissent</strong></span> <span class='ocrx_word' id='word_1_227' title='bbox 1535 3617 1577 3687; x_wconf 93' lang='lat' dir='ltr'><strong>ab</strong></span> 
     </span>
     <span class='ocr_line' id='line_1_27' title="bbox 246 3731 1633 3826; baseline 0.001 -20"><span class='ocrx_word' id='word_1_228' title='bbox 246 3731 307 3806; x_wconf 89' lang='lat' dir='ltr'><strong>illo</strong></span> <span class='ocrx_word' id='word_1_229' title='bbox 332 3735 483 3816; x_wconf 70' lang='lat' dir='ltr'><strong>lionore‘,</strong></span> <span class='ocrx_word' id='word_1_230' title='bbox 508 3758 609 3826; x_wconf 83' lang='lat' dir='ltr'><strong>quent</strong></span> <span class='ocrx_word' id='word_1_231' title='bbox 634 3732 768 3810; x_wconf 85' lang='lat' dir='ltr'><strong>ardenti</strong></span> <span class='ocrx_word' id='word_1_232' title='bbox 792 3733 905 3804; x_wconf 87' lang='lat' dir='ltr'><strong>studio</strong></span> <span class='ocrx_word' id='word_1_233' title='bbox 940 3736 1124 3825; x_wconf 90' lang='lat' dir='ltr'><strong>petebant,</strong></span> <span class='ocrx_word' id='word_1_234' title='bbox 1164 3735 1255 3806; x_wconf 81' lang='lat' dir='ltr'><strong>haud</strong></span> <span class='ocrx_word' id='word_1_235' title='bbox 1287 3735 1386 3806; x_wconf 89' lang='lat' dir='ltr'><strong>dubie</strong></span> <span class='ocrx_word' id='word_1_236' title='bbox 1421 3735 1474 3808; x_wconf 89' lang='lat' dir='ltr'><strong>vel</strong></span> <span class='ocrx_word' id='word_1_237' title='bbox 1509 3738 1578 3808; x_wconf 85' lang='lat' dir='ltr'><strong>hoc</strong></span> <span class='ocrx_word' id='word_1_238' title='bbox 1628 3811 1633 3820; x_wconf 77' lang='grc'>,</span> 
     </span>
     <span class='ocr_line' id='line_1_28' title="bbox 246 3852 1578 3946; baseline 0 -22"><span class='ocrx_word' id='word_1_239' title='bbox 246 3871 400 3942; x_wconf 87' lang='lat' dir='ltr'><strong>tempore</strong></span> <span class='ocrx_word' id='word_1_240' title='bbox 425 3853 651 3942; x_wconf 75' lang='lat' dir='ltr'><strong>praevidens,</strong></span> <span class='ocrx_word' id='word_1_241' title='bbox 676 3879 778 3946; x_wconf 86' lang='lat' dir='ltr'><strong>quam</strong></span> <span class='ocrx_word' id='word_1_242' title='bbox 804 3852 917 3924; x_wconf 84' lang='lat' dir='ltr'><strong>fatalis</strong></span> <span class='ocrx_word' id='word_1_243' title='bbox 944 3852 1059 3925; x_wconf 89' lang='lat' dir='ltr'><strong>futura</strong></span> <span class='ocrx_word' id='word_1_244' title='bbox 1084 3871 1173 3924; x_wconf 81' lang='lat' dir='ltr'><strong>esset</strong></span> <span class='ocrx_word' id='word_1_245' title='bbox 1207 3878 1276 3924; x_wconf 91' lang='lat' dir='ltr'><strong>non</strong></span> <span class='ocrx_word' id='word_1_246' title='bbox 1301 3855 1411 3925; x_wconf 87' lang='lat' dir='ltr'><strong>solum</strong></span> <span class='ocrx_word' id='word_1_247' title='bbox 1435 3854 1578 3939; x_wconf 88' lang='lat' dir='ltr'><strong>ltaliae,</strong></span> 
     </span>
     <span class='ocr_line' id='line_1_29' title="bbox 249 3957 1581 4064; baseline -0.004 -20"><span class='ocrx_word' id='word_1_248' title='bbox 249 3974 310 4044; x_wconf 88' lang='lat' dir='ltr'><strong>sed</strong></span> <span class='ocrx_word' id='word_1_249' title='bbox 334 3973 509 4044; x_wconf 88' lang='lat' dir='ltr'><strong>universae</strong></span> <span class='ocrx_word' id='word_1_250' title='bbox 534 3975 633 4046; x_wconf 86' lang='lat' dir='ltr'><strong>etiam</strong></span> <span class='ocrx_word' id='word_1_251' title='bbox 659 3977 813 4064; x_wconf 82' lang='lat' dir='ltr'><strong>Europae</strong></span> <span class='ocrx_word' id='word_1_252' title='bbox 838 3975 959 4044; x_wconf 91' lang='lat' dir='ltr'><strong>horum</strong></span> <span class='ocrx_word' id='word_1_253' title='bbox 984 3957 1290 4063; x_wconf 89' lang='lat' dir='ltr'><strong>potentissimorum</strong></span> <span class='ocrx_word' id='word_1_254' title='bbox 1315 3977 1443 4063; x_wconf 87' lang='lat' dir='ltr'><strong>Regum</strong></span> <span class='ocrx_word' id='word_1_255' title='bbox 1464 3994 1581 4050; x_wconf 86' lang='lat' dir='ltr'><strong>aemu-¹</strong></span> 
     </span>
     <span class='ocr_line' id='line_1_30' title="bbox 248 4089 1577 4185; baseline -0.002 -23"><span class='ocrx_word' id='word_1_256' title='bbox 248 4092 359 4164; x_wconf 88' lang='lat' dir='ltr'><strong>latio.</strong></span> <span class='ocrx_word' id='word_1_257' title='bbox 384 4093 476 4163; x_wconf 91' lang='lat' dir='ltr'><strong>Nihil</strong></span> <span class='ocrx_word' id='word_1_258' title='bbox 499 4094 625 4164; x_wconf 61' lang='lat' dir='ltr'><strong>attinet,</strong></span> <span class='ocrx_word' id='word_1_259' title='bbox 647 4093 757 4166; x_wconf 86' lang='lat' dir='ltr'><strong>dicere</strong></span> <span class='ocrx_word' id='word_1_260' title='bbox 780 4112 908 4185; x_wconf 87' lang='lat' dir='ltr'><strong>quanta</strong></span> <span class='ocrx_word' id='word_1_261' title='bbox 932 4089 1109 4180; x_wconf 83' lang='lat' dir='ltr'><strong>prudentia</strong></span> <span class='ocrx_word' id='word_1_262' title='bbox 1133 4099 1165 4163; x_wconf 72' lang='lat' dir='ltr'><strong>bc</strong></span> <span class='ocrx_word' id='word_1_263' title='bbox 1191 4092 1372 4164; x_wconf 87' lang='lat' dir='ltr'><strong>calliditate</strong></span> <span class='ocrx_word' id='word_1_264' title='bbox 1396 4113 1483 4178; x_wconf 89' lang='lat' dir='ltr'><strong>opus</strong></span> <span class='ocrx_word' id='word_1_265' title='bbox 1505 4091 1577 4161; x_wconf 86' lang='lat' dir='ltr'><strong>sue·</strong></span> 
     </span>
     <span class='ocr_line' id='line_1_31' title="bbox 248 4207 1577 4305; baseline -0.002 -22"><span class='ocrx_word' id='word_1_266' title='bbox 248 4213 321 4294; x_wconf 87' lang='lat' dir='ltr'><strong>rit,</strong></span> <span class='ocrx_word' id='word_1_267' title='bbox 346 4237 386 4284; x_wconf 90' lang='lat' dir='ltr'><strong>ne</strong></span> <span class='ocrx_word' id='word_1_268' title='bbox 412 4212 514 4284; x_wconf 87' lang='lat' dir='ltr'><strong>ullam</strong></span> <span class='ocrx_word' id='word_1_269' title='bbox 538 4215 784 4302; x_wconf 89' lang='lat' dir='ltr'><strong>suspicionibus</strong></span> <span class='ocrx_word' id='word_1_270' title='bbox 805 4214 977 4284; x_wconf 88' lang='lat' dir='ltr'><strong>materiem</strong></span> <span class='ocrx_word' id='word_1_271' title='bbox 999 4213 1117 4294; x_wconf 86' lang='lat' dir='ltr'><strong>daret,</strong></span> <span class='ocrx_word' id='word_1_272' title='bbox 1138 4235 1352 4305; x_wconf 90' lang='lat' dir='ltr'><strong>quanquam,</strong></span> <span class='ocrx_word' id='word_1_273' title='bbox 1377 4227 1414 4279; x_wconf 91' lang='lat' dir='ltr'><strong>ut</strong></span> <span class='ocrx_word' id='word_1_274' title='bbox 1439 4207 1577 4280; x_wconf 82' lang='lat' dir='ltr'><strong>eosdem</strong></span> 
     </span>
     <span class='ocr_line' id='line_1_32' title="bbox 226 4318 1654 4436; baseline -0.001 -35"><span class='ocrx_word' id='word_1_275' title='bbox 226 4318 229 4324; x_wconf 39' lang='lat'>¹</span> <span class='ocrx_word' id='word_1_276' title='bbox 249 4353 439 4404; x_wconf 85' lang='lat' dir='ltr'><strong>removeret</strong></span> <span class='ocrx_word' id='word_1_277' title='bbox 462 4359 482 4404; x_wconf 89' lang='lat' dir='ltr'><strong>a</strong></span> <span class='ocrx_word' id='word_1_278' title='bbox 506 4332 687 4403; x_wconf 88' lang='lat' dir='ltr'><strong>cert-amine</strong></span> <span class='ocrx_word' id='word_1_279' title='bbox 712 4331 911 4420; x_wconf 86' lang='lat' dir='ltr'><strong>dignitatis,</strong></span> <span class='ocrx_word' id='word_1_280' title='bbox 936 4356 977 4404; x_wconf 90' lang='lat' dir='ltr'><strong>ea</strong></span> <span class='ocrx_word' id='word_1_281' title='bbox 1002 4331 1207 4424; x_wconf 85' lang='lat' dir='ltr'><strong>inquireret,</strong></span> <span class='ocrx_word' id='word_1_282' title='bbox 1232 4333 1465 4423; x_wconf 84' lang='lat' dir='ltr'><strong>&amp;separatim</strong></span> <span class='ocrx_word' id='word_1_283' title='bbox 1489 4353 1575 4420; x_wconf 88' lang='lat' dir='ltr'><strong>pro·</strong></span> <span class='ocrx_word' id='word_1_284' title='bbox 1644 4419 1654 4436; x_wconf 35' lang='grc' dir='ltr'><em>ι</em></span> 
     </span>
    </p>
   </div>
   <div class='ocr_carea' id='block_1_2' title="bbox 247 4446 1575 4549">
    <p class='ocr_par' dir='ltr' id='par_1_3' title="bbox 247 4446 1575 4549">
     <span class='ocr_line' id='line_1_33' title="bbox 247 4446 1575 4549; baseline 0.002 -27"><span class='ocrx_word' id='word_1_285' title='bbox 247 4471 412 4547; x_wconf 86' lang='lat' dir='ltr'><strong>poneret,</strong></span> <span class='ocrx_word' id='word_1_286' title='bbox 436 4475 523 4549; x_wconf 88' lang='lat' dir='ltr'><strong>quae</strong></span> <span class='ocrx_word' id='word_1_287' title='bbox 539 4469 708 4549; x_wconf 70' lang='lat' dir='ltr'><strong>‘poterant</strong></span> <span class='ocrx_word' id='word_1_288' title='bbox 734 4450 877 4525; x_wconf 85' lang='lat' dir='ltr'><strong>suadere</strong></span> <span class='ocrx_word' id='word_1_289' title='bbox 903 4449 1023 4526; x_wconf 86' lang='lat' dir='ltr'><strong>utilius</strong></span> <span class='ocrx_word' id='word_1_290' title='bbox 1049 4449 1236 4543; x_wconf 81' lang='lat' dir='ltr'><strong>furcillis,</strong></span> <span class='ocrx_word' id='word_1_291' title='bbox 1261 4453 1292 4529; x_wconf 91' lang='lat' dir='ltr'><strong>si</strong></span> <span class='ocrx_word' id='word_1_292' title='bbox 1316 4453 1429 4528; x_wconf 90' lang='lat' dir='ltr'><strong>studia</strong></span> <span class='ocrx_word' id='word_1_293' title='bbox 1454 4450 1490 4526; x_wconf 88' lang='lat' dir='ltr'><strong>itt</strong></span> <span class='ocrx_word' id='word_1_294' title='bbox 1509 4446 1575 4524; x_wconf 87' lang='lat' dir='ltr'><strong>sibi</strong></span> 
     </span>
    </p>
   </div>
   <div class='ocr_carea' id='block_1_3' title="bbox 0 0 2205 5828">
    <p class='ocr_par' dir='ltr' id='par_1_4' title="bbox 0 0 2205 5828">
     <span class='ocr_line' id='line_1_34' title="bbox 0 0 2205 5828; baseline 0 0"><span class='ocrx_word' id='word_1_295' title='bbox 0 0 2205 5828; x_wconf 95' lang='lat' dir='ltr'><strong> </strong></span> 
     </span>
    </p>
   </div>
   <div class='ocr_carea' id='block_1_4' title="bbox 2191 0 2194 558">
    <p class='ocr_par' dir='ltr' id='par_1_5' title="bbox 2191 0 2194 558">
     <span class='ocr_line' id='line_1_35' title="bbox 2191 0 2194 558; baseline 0 0"><span class='ocrx_word' id='word_1_296' title='bbox 2191 0 2194 558; x_wconf 95' lang='lat' dir='ltr'><strong> </strong></span> 
     </span>
    </p>
   </div>
  </div>
 </body>
</html>
