4372 5842
666 659 733 721 24²
1021 643 1080 710 ’1,
1128 643 1155 710 E
1204 643 1378 732 0111
1427 650 1561 732 s·‚·x.

618 751 776 837 sideriis,
799 779 884 848 quae
910 759 1014 864 trullis
1043 762 1337 872 circumscribebat
1360 765 1532 852 terminis,
1557 767 1753 854 prodesset,
1777 791 1849 840 noa
1879 791 1951 844 me·

614 869 657 960 10
683 873 919 962 prudentiam,
946 877 1131 963 sedetiam
1158 882 1345 962 astutiam,
1368 889 1402 954 &
1435 886 1602 958 interdum
1642 889 1744 980 etiam
1780 887 1948 962 fallaciam

614 995 811 1078 adhibebat,
838 995 919 1067 nihil
950 1021 1031 1068 vero
1058 997 1178 1070 salsum
1206 1006 1239 1071 81
1260 1001 1453 1074 simulatum
1477 1003 1513 1078 in
1538 1009 1716 1079 Francisco
1742 1007 1949 1098 apparebat,

614 1139 714 1204 quam
739 1116 898 1187 virtutem
926 1117 953 1186 is
987 1139 1088 1208 saepe
1120 1119 1322 1192 desideravit
1347 1123 1380 1194 in
1408 1123 1522 1194 Leone
1537 1123 1676 1220 ·(¹53)·
1700 1131 1850 1220 Uterque
1872 1151 1946 1200 ma·

614 1235 855 1323 guarrimitate,
871 1237 1093 1328 liberalitate,
1119 1241 1318 1334 publicaque
1342 1244 1588 1337 magnificentia
1612 1247 1882 1329 deledabantur,
1905 1265 1942 1320 ut

613 1354 648 1440 id
673 1355 810 1444 ipsum,
834 1359 925 1448 quod
951 1361 1154 1450 studebant,
1180 1341 1287 1434 secere
1324 1382 1465 1454 possent
1500 1357 1702 1457 copiosius,
1739 1365 1943 1457 splendidius

508 1461 510 1464 ⁵
614 1494 714 1568 atque
740 1479 911 1560 ornatius,
935 1475 1183 1571 flagrantesque
1211 1483 1424 1572 cupiditate,
1449 1503 1488 1556 ut
1513 1509 1571 1576 per
1597 1509 1728 1558 senon
1766 1488 1943 1560 revivisce·

615 1616 689 1696 rent
716 1598 837 1688 modo,
861 1601 920 1669 sed
944 1600 1045 1670 eriam
1071 1600 1664 1698 immortalitatem,consequerentur
1685 1606 1883 1694 disciplinae
1907 1613 1939 1680 bt

613 1721 778 1810 ingenuae
803 1742 919 1788 omnes
948 1739 1058 1820 artes,
1083 1719 1176 1794 nulla
1194 1706 1270 1791 xnon
1296 1722 1414 1796 illustri
1441 1725 1539 1796 lande
1581 1723 1738 1796 celebrati
1777 1724 1936 1805 fuerunta

612 1838 645 1910 id
671 1857 782 1910 autem
807 1838 989 1931 gloriosum
1016 1842 1159 1932 maxime
1183 1843 1340 1914 censebat
1358 1833 1529 1943 Carolus,
1554 1844 1646 1936 quod
1665 1843 1873 1916 conducebat
1894 1846 1935 1916 ad

613 1957 790 2046 facultates
816 1983 925 2030 rerum
952 1980 1053 2054 atque
1074 1963 1219 2052 copias,
1246 1963 1287 2032 ad
1325 1984 1424 2051 opem
1465 1987 1568 2056 atque
1603 1965 1789 2055 potentiam
1814 1965 1935 2057 (ις4).

610 2083 700 2154 ldem
722 2104 897 2174 nunqnam
923 2081 1111 2152 intermissa
1136 2105 1245 2154 rerum
1272 2108 1375 2170 cura,
1408 2085 1547 2178 negotia
1580 2108 1642 2175 pro
1681 2085 1807 2156 solatio
1845 2090 1936 2182 acci-¹

611 2205 708 2294 piens
730 2205 782 2298 jus
808 2200 954 2286 civium,
987 2223 1103 2290 preces
1120 2203 1289 2294 sociorum
1315 2226 1377 2292 per.
1397 2203 1644 2286 setrallabat,
1671 2223 1838 2274 momenta
1854 2223 1935 2274 tem·

610 2347 732 2415 porum
755 2322 978 2406 observabat,
1003 2323 1041 2392 iis
1068 2321 1266 2406 obediebat,
1291 2323 1411 2418 sicque
1436 2326 1593 2398 tuebatur
1615 2345 1791 2414 personam
1813 2323 1934 2394 Princi-

611 2449 683 2537 pis,
714 2443 805 2538 quod
830 2467 910 2514 sane
935 2467 1092 2534 magnum
1112 2465 1191 2538 est,
1214 2463 1251 2516 ut
1276 2469 1345 2520 uon
1371 2446 1471 2518 modo
1495 2445 1637 2534 animis,
1657 2444 1841 2517 sedetiam
1857 2467 1934 2516 ocu·

608 2569 648 2644 lis
674 2565 839 2649 serviret,
864 2587 929 2654 qua
954 2563 987 2632 in
1013 2586 1048 2634 re
1075 2587 1145 2632 non
1168 2586 1299 2654 semper
1320 2567 1540 2640 offensionem
1563 2567 1715 2639 vitarunt
1736 2563 1930 2640 franciscus

606 2694 642 2762 &
664 2692 748 2759 Leo.
781 2683 838 2756 llle
876 2663 969 2757 eninr
988 2683 1214 2773 voluptates,
1245 2687 1301 2758 hic
1339 2685 1565 2784 jucunditates
1594 2709 1710 2784 omnes
1743 2686 1929 2776 vestigabat

607 2827 710 2900 atque
741 2806 968 2876 odorabatur.
992 2810 1116 2874 Caesar
1141 2803 1362 2900 audioridem
1377 2815 1409 2878 bc
1434 2809 1616 2882 subversor
1640 2829 1777 2882 suarum
1800 2805 1930 2897 legum,

604 2953 691 3022 quae
716 2905 760 2998 ad
773 2927 982 3002 Catholicam
1007 2925 1211 3016 religionem
1231 2923 1448 3016 apellabant,
1470 2927 1577 3026 multa
1602 2927 1706 3010 secit,
1726 2949 1811 3018 quae
1833 2925 1866 2996 in
1886 2924 1931 2993 il·

603 3048 638 3119 lo
663 3020 865 3138 gravissimo
883 3044 979 3132 ,malo
1015 3037 1185 3114 nascentis
1219 3047 1401 3120 'haereseos
1436 3047 1612 3144 plurimum
1651 3049 1692 3117 de
1727 3046 1816 3122 fama
1841 3043 1928 3130 illius

503 3239 505 3244 ,
601 3169 843 3254 detraxerunt,
868 3157 1051 3254 nonenim
1074 3165 1247 3236 laborabat
1262 3191 1362 3260 quam
1387 3169 1453 3264 sibi
1476 3186 1670 3266 constaret3
1686 3168 1929 3244 contrairen-

601 3288 715 3364 ciscus
740 3286 866 3362 nullutn
890 3265 1111 3377 praetermisit
1136 3288 1308 3382 officium,
1331 3307 1369 3356 ut
1394 3307 1704 3389 suamperpetuam
1727 3305 1828 3376 atquc
1848 3307 1928 3358 cou-

600 3426 745 3484 stantem
771 3406 1041 3494 voluntatamiu
1063 3432 1135 3494 ,rem
1157 3405 1368 3496 ¹Catholicam
1393 3405 1600 3508 declararet.
1633 3406 1765 3476 Firmus
1790 3407 1823 3474 81
1859 3419 1925 3474 sta·

599 3523 675 3596 bilis
705 3528 831 3596 is'erat
856 3528 1115 3624 improposito,
1143 3528 1229 3601 idern
1257 3517 1377 3622 fortis,
1404 3516 1465 3604 111.-
1482 3549 1652 3628 nunquam
1686 3523 1925 3628 ,1111111111-

600 3642 750 3714 mitteret
774 3645 810 3714 in
835 3646 932 3716 rebus
958 3645 1172 3733 asperrimis,
1197 3652 1230 3717 81
1261 3667 1431 3745 nunquam
1469 3647 1510 3717 de
1549 3645 1728 3748 iniquitate
1771 3643 1928 3713 fortunae

599 3777 793 3854 quereretur
808 3815 819 3850 ,
843 3742 908 3838 nisi
934 3784 971 3838 ut
995 3787 1032 3834 se
1058 3765 1249 3860 intenderet
1266 3765 1317 3836 ’11
1332 3765 1545 3837 firmitatem.
1573 3765 1715 3842 Amabat
1730 3763 1821 3832 illrum
1838 3764 1926 3840 Leo,

598 3883 803 3972 suspiciebat
828 3883 953 3966 etiam„
976 3883 1035 3954 sed
1058 3903 1098 3968 ur
1122 3885 1205 3955 vidit
1229 3885 1326 3982 irritis
1344 3881 1383 3982 r&
1409 3883 1722 3986 tanquamsemipa
1747 3877 1929 3952 discordia·

597 4027 672 4074 tum
696 4005 782 4074 inter
809 4002 902 4084 illum
929 3989 1166 4098 bc'llarolum,
1194 4004 1399 4105 suinolb'ciig
1422 3981 1571 4095 suaeque
1588 4071 1591 4080 ,
1607 4000 1765 4072 utilitatis
1806 3999 1924 4083 duxit,

597 4141 761 4212 quantum
787 4141 941 4212 poterat,
965 4125 1024 4202 niti
1050 4123 1092 4194 ad
1117 4123 1295 4194 reficienda
1323 4121 1488 4206 vulnera,
1514 4145 1601 4211 qnae
1624 4120 1741 4198 ltaliae
1761 4119 1852 4196 Galli
1877 4119 1926 4194 in·

596 4239 766 4334 tullerant.
791 4241 904 4315 Animi
930 4243 996 4313 vim
1020 4244 1189 4330 ostendit,
1215 4241 1275 4314 sed
1299 4242 1334 4342 is..
1351 4259 1420 4310 erat
1446 4239 1636 4314 ltalrcarunt
1662 4262 1772 4318 rerum
1794 4259 1922 4324 status,

596 4380 638 4432 ea
662 4377 852 4442 exterorum
890 4363 1018 4453 Regum
1043 4363 1194 4452 potentia
1238 4379 1338 4452 atquc
1379 4360 1581 4444 aemulatio,
1622 4380 1660 4436 ut
1696 4377 1921 4449 antequame

598 4477 672 4552 vita
696 4477 906 4570 discederet,
931 4480 1127 4572 praevidere
1153 4480 1301 4587 potuerit
1342 4480 1504 4575 duplicari
1544 4477 1791 4558 successoribus
1829 4476 1923 4563 suis,
