4386 5838
713 686 756 756 V*
837 693 856 760 ¹1
956 696 987 760 T
1087 689 1117 760 Α
1157 703 1163 714 ·
1518 704 1579 776 ιη

296 829 365 877 noa
390 807 499 878 solum
520 806 554 878 iu
578 807 805 880 Medieeorum
832 811 993 903 familiam
1032 813 1066 906 dc
1106 793 1152 878 in
1187 805 1415 880 Ca'rdinalium
1453 801 1631 896 collegium

206 981 211 986 .
297 927 459 1011 adscivit,
485 928 543 996 sed
567 926 680 997 multis
706 930 826 1000 ditavit
850 897 1234 1030 sacerdotum-quibis
1275 929 1316 998 ad
1353 923 1532 997 avaritiam
1567 946 1629 993 ex-

296 1026 475 1134 plendam,
499 1048 632 1117 minime
654 1071 764 1120 autem
791 1052 832 1122 ad
854 1023 1090 1121 liberaliiatem
1116 1049 1333 1119 exercendam
1358 1070 1440 1120 usus
1466 1063 1537 1114 est.
1572 1041 1629 1110 Ni·
1699 1087 1701 1093 -

298 1153 399 1232 mium
426 1191 562 1256 quoque
589 1169 743 1240 tribuisse
768 1171 862 1240 visus
883 1189 934 1238 est
961 1174 1028 1240 Leo
1054 1163 1168 1256 Silvio
1192 1169 1382 1240 Passerinio
1408 1161 1629 1246 Cortonensi,

299 1285 392 1376 cujus
416 1287 562 1354 studium
590 1290 623 1356 in
648 1290 820 1359 Mediceos
844 1313 961 1360 omues
989 1291 1053 1360 fuit
1078 1289 1232 1373 illustre,
1259 1289 1451 1380 quibusque
1478 1283 1526 1352 ita
1544 1307 1630 1360 ser·

298 1404 387 1474 vivit
411 1407 445 1499 ip
472 1409 742 1479 administrandis
769 1412 911 1500 publicis
936 1414 1088 1482 Etruriae
1113 1413 1242 1492 rebus,
1266 1428 1303 1478 ut
1329 1429 1405 1477 cum
1421 1406 1554 1476 illorum
1574 1429 1632 1493 pe·
1735 1464 1738 1470 ,

298 1523 408 1603 riculo
435 1550 533 1596 suum
560 1533 776 1620 conjundlum
802 1534 936 1602 minime
961 1554 1034 1601 esse
1068 1529 1294 1608 recusaverit.
1334 1525 1459 1596 Merito
1494 1526 1630 1617 quidem

300 1649 507 1734 praedicavit
533 1655 600 1722 Leo
624 1653 742 1722 donari
768 1676 917 1742 purpura
954 1652 1092 1722 virtutis
1128 1673 1239 1740 ergo,
1278 1645 1632 1735 benevolentiaeque,

300 1792 400 1858 quam
426 1794 505 1861 erga
530 1792 565 1838 se
591 1793 720 1858 semper
745 1773 942 1857 habuerat,
960 1771 1112 1840 Paullum
1132 1769 1312 1838 Aemilium
1329 1757 1486 1840 Caesium
1507 1767 1632 1834 Roma·

299 1911 408 1968 num,
446 1912 544 1978 quem
579 1888 707 1980 aliquot
736 1914 843 1960 annos
885 1909 964 1960 ante
1005 1888 1123 1960 libellis
1149 1887 1354 1979 supplicibus
1397 1882 1629 1977 praefecerat.

278 2007 398 2098 ¹Quae
423 2029 505 2077 vero
531 2029 620 2078 esset
646 2010 681 2078 in
707 2010 935 2082 Christianam
961 2009 1208 2099 Rempublicam
1233 2030 1345 2090 mens,
1379 2027 1479 2096 quam
1518 1999 1631 2078 reflus
1730 2032 1733 2040 ¹

274 2147 448 2230 ¹sensus,
474 2149 574 2218 quant
598 2129 1041 2218 prudens&‘aptaconsiliis
1053 2130 1255 2220 explicandis
1280 2127 1404 2210 orario,
1421 2143 1632 2215 quantamo-

297 2270 373 2316 tum
393 2247 555 2337 gravitas,
567 2247 905 2338 quanrainnocentia
921 2247 1101 2320 Alexandri
1115 2249 1315 2333 Caesarinii,
1330 2244 1516 2318 declaravit
1530 2265 1633 2331 saepe

302 2365 500 2446 Sadoletus,
516 2367 598 2435 adeo
617 2388 654 2434 ut
670 2390 768 2438 nemo
784 2367 958 2438 virbonus
979 2367 1079 2449 esset,
1097 2369 1154 2459 qui
1165 2369 1199 2437 iu
1210 2365 1300 2438 illius
1319 2364 1422 2454 recipi
1439 2363 1630 2434 clientelam

301 2486 435 2555 minime
451 2506 608 2574 cuperet.
634 2487 829 2556 Certissima
843 2509 900 2575 spe
916 2505 990 2556 erat
1003 2488 1070 2557 Leo
1089 2511 1124 2558 se
1140 2487 1338 2557 uberrimam
1358 2484 1487 2575 frugem
1506 2507 1548 2553 ex
1563 2507 1632 2554 ma·-

301 2624 377 2674 rura
392 2623 511 2694 postea
526 2605 664 2688 virtutis
679 2627 789 2696 segete
807 2624 1066 2696 percepturum,
1084 2632 1158 2676 cum
1174 2595 1323 2696 purpura
1338 2604 1532 2675 decorasset
1549 2603 1633 2670 Her·

234 2785 236 2789 .
302 2722 411 2793 culem
427 2725 637 2814 Rangouium
653 2726 898 2811 Mutinensem,
917 2727 957 2796 de
980 2749 1049 2818 quo
1072 2724 1211 2794 mirifica
1236 2725 1374 2812 piorsus
1391 2722 1560 2810 praedicat
1580 2721 1632 2790 Li·

300 2839 368 2913 lius
394 2843 578 2934 Gregorius
603 2843 802 2932 Gyraldius,
822 2844 880 2936 qui
897 2866 972 2914 eum
999 2844 1035 2912 in
1058 2841 1196 2930 optimis
1214 2839 1333 2912 studiis
1350 2840 1537 2919 erudierat,
1550 2862 1632 2942 -cuj-

300 2963 422 3058 jusque
446 2965 688 3034 humanitatem
714 2962 914 3054 singularem
929 2963 1009 3034 satis
1034 2961 1166 3032 laudari
1180 2977 1249 3033 nor.
1265 2981 1364 3051 posse
1376 2979 1523 3032 testatur
1537 2963 1631 3030 Bem·

300 3079 389 3152 bus.
414 3083 516 3154 Dedit
540 3085 631 3156 huuc
656 3086 820 3179 honorem
835 3089 901 3156 Leo
918 3107 987 3154 uon
1012 3079 1120 3152 solum
1136 3083 1277 3168 merit0,
1294 3080 1492 3166 sedetiam,
1511 3099 1549 3151 ut
1574 3079 1633 3150 ali·

301 3199 336 3270 bi
361 3203 555 3286 innuimus,
582 3205 774 3292 amicitiae,
792 3207 869 3298 quia
889 3223 1005 3296 gratus
1029 3205 1187 3296 cognosci
1212 3203 1347 3275 volebat
1372 3225 1451 3292 erga
1477 3191 1642 3274 sudores

301 3321 422 3391 salutis
440 3347 541 3394 suae.
559 3333 626 3415 qua
647 3324 687 3394 de
704 3348 842 3410 caussa,
858 3325 971 3395 statim
988 3349 1026 3395 ac
1045 3323 1200 3394 Pontifex
1219 3342 1352 3394 creatus
1374 3339 1427 3392 est
1436 3369 1449 3403 ,
1463 3326 1496 3394 δι
1508 3321 1630 3410 ipsum,

217 3475 235 3485 -
302 3445 335 3513 dt
351 3443 422 3536 ejus
442 3463 581 3513 matrem
597 3443 753 3522 Blancam
772 3447 913 3514 Romam
932 3443 1116 3534 invitavit,
1141 3443 1249 3536 iisque
1263 3467 1333 3512 non
1348 3441 1458 3533 sedem
1482 3439 1582 3518 modo
1595 3439 1632 3508 in
1659 3421 1664 3431 ’

302 3558 378 3648 ipso
408 3553 569 3642 Palatio,
594 3549 651 3631 sed
687 3568 720 3634 δι
747 3563 999 3634 amoenissimos
1022 3565 1143 3634 hortos
1175 3564 1360 3636 secundum
1394 3560 1517 3632 molem
1554 3558 1633 3628 Haa'·

303 3679 410 3749 driani
442 3683 650 3772 assignavit.
675 3682 811 3752 Gratias
837 3705 919 3752 vero
953 3683 992 3754 iis
1018 3685 1107 3778 egit,
1138 3685 1230 3778 quod
1266 3661 1383 3754 secum
1415 3677 1637 3752 adduxissent

302 3796 504 3885 Gyraldium
519 3803 651 3890 ipsum,
679 3805 733 3874 cui
757 3805 953 3890 neminem,
993 3809 1025 3878 ὅ(
1040 3806 1124 3900 jure
1156 3804 1315 3896 quidem,
1347 3825 1460 3894 parem
1485 3799 1670 3887 ponebar,

301 3913 337 3986 in
360 3919 453 3990 omni
470 3921 672 4022 eruditionis
689 3943 831 4012 genere,
856 3946 1023 4016 quemque
1046 3947 1116 4014 non
1134 3925 1244 3998 solum
1258 3923 1438 4006 laudibus,
1461 3917 1638 3991 sedetiam

302 4029 473 4108 beneficiis
514 4041 700 4111 honoravit
726 4043 948 4134 singularibus
968 4093 976 4116 .
1003 4047 1119 4136 Neque
1141 4045 1252 4114 minus
1276 4038 1445 4110 satisfecit
1470 4034 1574 4104 amori
1598 4033 1635 4106 in

302 4156 516 4228 decorando·
544 4161 739 4252 Augustino
788 4142 957 4235 Trivultio
1002 4161 1287 4260 Mediolanensi,
1342 4156 1383 4228 de
1433 4177 1501 4247 quo
1554 4173 1638 4226 cum.

219 4347 220 4351 ,
296 4277 463 4350 =scriberet
503 4279 545 4348 ad
577 4281 737 4350 loannem
777 4281 937 4352 iacobum
969 4279 1202 4362 Trivultium,
1227 4278 1314 4348 haee
1339 4277 1384 4347 ait
1397 4301 1415 4345 .·.
1445 4275 1524 4344 Cum
1549 4275 1638 4344 ani«

248 4465 251 4472 .
303 4419 363 4478 mo,
392 4415 608 4490 repeteremus
649 4414 774 4498 quanta
812 4421 920 4476 cura.
958 4415 1146 4494 quantoque
1186 4381 1305 4471 studio
1337 4395 1504 4468 nobiseum
1544 4417 1634 4466 sem-

217 4565 221 4579 ·
298 4539 365 4614 per
400 4519 527 4614 egeris,
559 4536 599 4590 ut
631 4519 857 4615 Augustinunt
886 4517 1088 4592 Trivultr'um
1117 4521 1339 4617 propinquum
1365 4535 1458 4629 tuum
1482 4517 1517 4596 itt
1550 4515 1634 4601 Car·⁴

946 4641 1029 4732 Qs
