<?xml version="1.0" encoding="UTF-8"?>
<!DOCTYPE html PUBLIC "-//W3C//DTD XHTML 1.0 Transitional//EN"
    "http://www.w3.org/TR/xhtml1/DTD/xhtml1-transitional.dtd">
<html xmlns="http://www.w3.org/1999/xhtml" xml:lang="en" lang="en">
 <head>
  <title>
</title>
<meta http-equiv="Content-Type" content="text/html;charset=utf-8" />
  <meta name='ocr-system' content='tesseract 3.04.00' />
  <meta name='ocr-capabilities' content='ocr_page ocr_carea ocr_par ocr_line ocrx_word'/>
</head>
<body>
  <div class='ocr_page' id='page_1' title='image "./leonisxpontific00fabrgoog_0152.png"; bbox 0 0 4386 5838; ppageno 0'>
   <div class='ocr_carea' id='block_1_1' title="bbox 490 641 2019 4674">
    <p class='ocr_par' dir='ltr' id='par_1_1' title="bbox 584 641 1924 972">
     <span class='ocr_line' id='line_1_1' title="bbox 648 641 1550 727; baseline -0.001 -18"><span class='ocrx_word' id='word_1_1' title='bbox 648 660 714 727; x_wconf 85' lang='lat'>144</span> <span class='ocrx_word' id='word_1_2' title='bbox 1040 647 1067 715; x_wconf 86' lang='lat' dir='ltr'>L</span> <span class='ocrx_word' id='word_1_3' title='bbox 1116 647 1142 714; x_wconf 88' lang='grc' dir='ltr'><strong><em>Ε</em></strong></span> <span class='ocrx_word' id='word_1_4' title='bbox 1191 645 1224 714; x_wconf 93' lang='lat' dir='ltr'>O</span> <span class='ocrx_word' id='word_1_5' title='bbox 1273 648 1303 715; x_wconf 89' lang='lat' dir='ltr'>N</span> <span class='ocrx_word' id='word_1_6' title='bbox 1352 647 1365 714; x_wconf 91' lang='grc' dir='ltr'>Ι</span> <span class='ocrx_word' id='word_1_7' title='bbox 1415 641 1436 709; x_wconf 90' lang='lat' dir='ltr'>S</span> <span class='ocrx_word' id='word_1_8' title='bbox 1506 641 1550 712; x_wconf 83' lang='lat' dir='ltr'>X.</span> 
     </span>
     <span class='ocr_line' id='line_1_2' title="bbox 589 747 1924 854; baseline -0.001 -28"><span class='ocrx_word' id='word_1_9' title='bbox 589 759 675 830; x_wconf 80' lang='lat' dir='ltr'>Rex</span> <span class='ocrx_word' id='word_1_10' title='bbox 713 759 767 828; x_wconf 90' lang='lat' dir='ltr'>hic</span> <span class='ocrx_word' id='word_1_11' title='bbox 807 759 942 849; x_wconf 83' lang='lat' dir='ltr'>vigebat</span> <span class='ocrx_word' id='word_1_12' title='bbox 978 761 1141 852; x_wconf 87' lang='lat' dir='ltr'>ingenio,</span> <span class='ocrx_word' id='word_1_13' title='bbox 1178 765 1314 854; x_wconf 88' lang='lat' dir='ltr'>optimis</span> <span class='ocrx_word' id='word_1_14' title='bbox 1350 784 1423 836; x_wconf 91' lang='lat' dir='ltr'>etat</span> <span class='ocrx_word' id='word_1_15' title='bbox 1448 764 1577 834; x_wconf 89' lang='lat' dir='ltr'>artibus</span> <span class='ocrx_word' id='word_1_16' title='bbox 1609 759 1797 850; x_wconf 86' lang='lat' dir='ltr'>praeditus,</span> <span class='ocrx_word' id='word_1_17' title='bbox 1822 758 1856 826; x_wconf 77' lang='grc' dir='ltr'>δι</span> <span class='ocrx_word' id='word_1_18' title='bbox 1883 747 1924 824; x_wconf 76' lang='lat' dir='ltr'>iis</span> 
     </span>
     <span class='ocr_line' id='line_1_3' title="bbox 584 875 1917 972; baseline -0.002 -26"><span class='ocrx_word' id='word_1_19' title='bbox 584 881 799 964; x_wconf 84' lang='lat' dir='ltr'>praesertim,</span> <span class='ocrx_word' id='word_1_20' title='bbox 839 907 924 972; x_wconf 90' lang='lat' dir='ltr'>quae</span> <span class='ocrx_word' id='word_1_21' title='bbox 958 883 1090 953; x_wconf 88' lang='lat' dir='ltr'>nobiles</span> <span class='ocrx_word' id='word_1_22' title='bbox 1130 885 1220 954; x_wconf 83' lang='lat' dir='ltr'>viros</span> <span class='ocrx_word' id='word_1_23' title='bbox 1259 884 1403 963; x_wconf 82' lang='lat' dir='ltr'>decent3</span> <span class='ocrx_word' id='word_1_24' title='bbox 1438 883 1576 954; x_wconf 80' lang='lat' dir='ltr'>dederat</span> <span class='ocrx_word' id='word_1_25' title='bbox 1612 902 1750 969; x_wconf 81' lang='lat' dir='ltr'>operam</span> <span class='ocrx_word' id='word_1_26' title='bbox 1789 875 1845 946; x_wconf 88' lang='lat' dir='ltr'>vel</span> <span class='ocrx_word' id='word_1_27' title='bbox 1877 875 1917 944; x_wconf 92' lang='lat' dir='ltr'>ab</span> 
     </span>
    </p>

    <p class='ocr_par' dir='ltr' id='par_1_2' title="bbox 530 995 2019 3854">
     <span class='ocr_line' id='line_1_4' title="bbox 585 995 1923 1093; baseline 0 -29"><span class='ocrx_word' id='word_1_28' title='bbox 585 997 812 1068; x_wconf 88' lang='lat' dir='ltr'>adolescentia</span> <span class='ocrx_word' id='word_1_29' title='bbox 839 1001 1073 1093; x_wconf 87' lang='lat' dir='ltr'>philosophiae</span> <span class='ocrx_word' id='word_1_30' title='bbox 1099 1006 1130 1069; x_wconf 69' lang='grc' dir='ltr'>δί</span> <span class='ocrx_word' id='word_1_31' title='bbox 1155 1003 1276 1074; x_wconf 78' lang='lat' dir='ltr'>divinis</span> <span class='ocrx_word' id='word_1_32' title='bbox 1297 1001 1443 1078; x_wconf 81' lang='lat' dir='ltr'>litteris,</span> <span class='ocrx_word' id='word_1_33' title='bbox 1468 1002 1561 1090; x_wconf 93' lang='lat' dir='ltr'>quod</span> <span class='ocrx_word' id='word_1_34' title='bbox 1586 1003 1658 1093; x_wconf 82' lang='lat' dir='ltr'>ejtts</span> <span class='ocrx_word' id='word_1_35' title='bbox 1685 1019 1779 1088; x_wconf 89' lang='lat' dir='ltr'>pater</span> <span class='ocrx_word' id='word_1_36' title='bbox 1802 995 1923 1064; x_wconf 80' lang='lat' dir='ltr'>Hemi-</span> 
     </span>
     <span class='ocr_line' id='line_1_5' title="bbox 530 1107 1924 1213; baseline -0.006 -24"><span class='ocrx_word' id='word_1_37' title='bbox 530 1107 533 1112; x_wconf 39' lang='lat'>¹</span> <span class='ocrx_word' id='word_1_38' title='bbox 588 1140 647 1184; x_wconf 80' lang='lat' dir='ltr'>cus</span> <span class='ocrx_word' id='word_1_39' title='bbox 674 1135 737 1189; x_wconf 84' lang='lat' dir='ltr'>VJJ.</span> <span class='ocrx_word' id='word_1_40' title='bbox 765 1120 872 1206; x_wconf 90' lang='lat' dir='ltr'>ipsum</span> <span class='ocrx_word' id='word_1_41' title='bbox 900 1145 1016 1191; x_wconf 86' lang='lat' dir='ltr'>sacrae</span> <span class='ocrx_word' id='word_1_42' title='bbox 1041 1123 1464 1202; x_wconf 76' lang='lat' dir='ltr'>milititedestinavera13</span> <span class='ocrx_word' id='word_1_43' title='bbox 1491 1123 1609 1190; x_wconf 90' lang='lat' dir='ltr'>mirum</span> <span class='ocrx_word' id='word_1_44' title='bbox 1638 1119 1672 1187; x_wconf 89' lang='lat' dir='ltr'>in</span> <span class='ocrx_word' id='word_1_45' title='bbox 1713 1114 1848 1186; x_wconf 90' lang='lat' dir='ltr'>modum</span> <span class='ocrx_word' id='word_1_46' title='bbox 1874 1112 1924 1213; x_wconf 81' lang='lat' dir='ltr'>fa·</span> 
     </span>
     <span class='ocr_line' id='line_1_6' title="bbox 589 1232 1922 1330; baseline 0 -27"><span class='ocrx_word' id='word_1_47' title='bbox 589 1261 675 1306; x_wconf 84' lang='lat' dir='ltr'>nram</span> <span class='ocrx_word' id='word_1_48' title='bbox 701 1245 733 1308; x_wconf 75' lang='lat' dir='ltr'>bt</span> <span class='ocrx_word' id='word_1_49' title='bbox 759 1239 901 1328; x_wconf 86' lang='lat' dir='ltr'>gloriam</span> <span class='ocrx_word' id='word_1_50' title='bbox 915 1243 1124 1330; x_wconf 81' lang='lat' dir='ltr'>appetebat,</span> <span class='ocrx_word' id='word_1_51' title='bbox 1150 1248 1183 1314; x_wconf 77' lang='lat' dir='ltr'>bt</span> <span class='ocrx_word' id='word_1_52' title='bbox 1209 1241 1416 1312; x_wconf 88' lang='lat' dir='ltr'>obtinuisset</span> <span class='ocrx_word' id='word_1_53' title='bbox 1443 1241 1606 1330; x_wconf 88' lang='lat' dir='ltr'>quidem,</span> <span class='ocrx_word' id='word_1_54' title='bbox 1642 1237 1669 1306; x_wconf 92' lang='lat' dir='ltr'>si</span> <span class='ocrx_word' id='word_1_55' title='bbox 1703 1259 1833 1324; x_wconf 82' lang='lat' dir='ltr'>semper</span> <span class='ocrx_word' id='word_1_56' title='bbox 1866 1232 1922 1303; x_wconf 83' lang='lat' dir='ltr'>fa·</span> 
     </span>
     <span class='ocr_line' id='line_1_7' title="bbox 589 1355 1922 1452; baseline 0 -30"><span class='ocrx_word' id='word_1_57' title='bbox 589 1356 716 1426; x_wconf 72' lang='lat' dir='ltr'>diorum</span> <span class='ocrx_word' id='word_1_58' title='bbox 744 1383 881 1429; x_wconf 91' lang='lat' dir='ltr'>suorum</span> <span class='ocrx_word' id='word_1_59' title='bbox 905 1363 1161 1435; x_wconf 85' lang='lat' dir='ltr'>moderatricem</span> <span class='ocrx_word' id='word_1_60' title='bbox 1178 1361 1414 1452; x_wconf 86' lang='lat' dir='ltr'>prudentiam,</span> <span class='ocrx_word' id='word_1_61' title='bbox 1441 1359 1667 1428; x_wconf 85' lang='lat' dir='ltr'>constantiam</span> <span class='ocrx_word' id='word_1_62' title='bbox 1693 1355 1922 1446; x_wconf 83' lang='lat' dir='ltr'>publicamque</span> 
     </span>
     <span class='ocr_line' id='line_1_8' title="bbox 588 1476 1923 1568; baseline 0.001 -25"><span class='ocrx_word' id='word_1_63' title='bbox 588 1476 765 1546; x_wconf 83' lang='lat' dir='ltr'>utilitatem</span> <span class='ocrx_word' id='word_1_64' title='bbox 793 1481 987 1562; x_wconf 80' lang='lat' dir='ltr'>habuisset,</span> <span class='ocrx_word' id='word_1_65' title='bbox 1013 1503 1083 1550; x_wconf 92' lang='lat' dir='ltr'>non</span> <span class='ocrx_word' id='word_1_66' title='bbox 1108 1481 1326 1550; x_wconf 86' lang='lat' dir='ltr'>vehementes</span> <span class='ocrx_word' id='word_1_67' title='bbox 1354 1480 1457 1552; x_wconf 89' lang='lat' dir='ltr'>animi</span> <span class='ocrx_word' id='word_1_68' title='bbox 1482 1479 1712 1568; x_wconf 89' lang='lat' dir='ltr'>cupiditates,</span> <span class='ocrx_word' id='word_1_69' title='bbox 1740 1497 1810 1544; x_wconf 93' lang='lat' dir='ltr'>non</span> <span class='ocrx_word' id='word_1_70' title='bbox 1835 1495 1923 1544; x_wconf 88' lang='lat' dir='ltr'>cott-</span> 
     </span>
     <span class='ocr_line' id='line_1_9' title="bbox 591 1598 1924 1688; baseline -0.001 -24"><span class='ocrx_word' id='word_1_71' title='bbox 591 1598 665 1666; x_wconf 89' lang='lat' dir='ltr'>silia</span> <span class='ocrx_word' id='word_1_72' title='bbox 692 1599 837 1668; x_wconf 88' lang='lat' dir='ltr'>hominis</span> <span class='ocrx_word' id='word_1_73' title='bbox 864 1601 1046 1688; x_wconf 81' lang='lat' dir='ltr'>superbi&amp;</span> <span class='ocrx_word' id='word_1_74' title='bbox 1067 1600 1348 1685; x_wconf 87' lang='lat' dir='ltr'>ambitiosissimi‚</span> <span class='ocrx_word' id='word_1_75' title='bbox 1376 1603 1435 1674; x_wconf 87' lang='lat' dir='ltr'>cui</span> <span class='ocrx_word' id='word_1_76' title='bbox 1455 1626 1490 1674; x_wconf 91' lang='lat' dir='ltr'>se</span> <span class='ocrx_word' id='word_1_77' title='bbox 1508 1611 1617 1672; x_wconf 85' lang='lat' dir='ltr'>totum</span> <span class='ocrx_word' id='word_1_78' title='bbox 1631 1599 1768 1670; x_wconf 88' lang='lat' dir='ltr'>dederat</span> <span class='ocrx_word' id='word_1_79' title='bbox 1783 1647 1795 1676; x_wconf 90' lang='lat'>,</span> <span class='ocrx_word' id='word_1_80' title='bbox 1809 1613 1924 1685; x_wconf 92' lang='lat' dir='ltr'>quem·</span> 
     </span>
     <span class='ocr_line' id='line_1_10' title="bbox 591 1716 1966 1806; baseline 0 -23"><span class='ocrx_word' id='word_1_81' title='bbox 591 1739 680 1806; x_wconf 87' lang='lat' dir='ltr'>que,</span> <span class='ocrx_word' id='word_1_82' title='bbox 706 1737 743 1784; x_wconf 92' lang='lat' dir='ltr'>ut</span> <span class='ocrx_word' id='word_1_83' title='bbox 770 1719 844 1787; x_wconf 89' lang='lat' dir='ltr'>alibi</span> <span class='ocrx_word' id='word_1_84' title='bbox 869 1720 1204 1797; x_wconf 87' lang='lat' dir='ltr'>demonstravimus,</span> <span class='ocrx_word' id='word_1_85' title='bbox 1230 1723 1298 1791; x_wconf 87' lang='lat' dir='ltr'>Leo</span> <span class='ocrx_word' id='word_1_86' title='bbox 1324 1720 1537 1793; x_wconf 90' lang='lat' dir='ltr'>Cardinalem</span> <span class='ocrx_word' id='word_1_87' title='bbox 1564 1737 1758 1802; x_wconf 73' lang='lat' dir='ltr'>creaveratt</span> <span class='ocrx_word' id='word_1_88' title='bbox 1791 1716 1821 1784; x_wconf 90' lang='lat' dir='ltr'>si</span> <span class='ocrx_word' id='word_1_89' title='bbox 1855 1717 1923 1784; x_wconf 84' lang='lat' dir='ltr'>de·</span> <span class='ocrx_word' id='word_1_90' title='bbox 1960 1719 1966 1730; x_wconf 88' lang='lat'>&#39;</span> 
     </span>
     <span class='ocr_line' id='line_1_11' title="bbox 592 1836 1923 1926; baseline -0.002 -22"><span class='ocrx_word' id='word_1_91' title='bbox 592 1860 682 1905; x_wconf 88' lang='lat' dir='ltr'>mum</span> <span class='ocrx_word' id='word_1_92' title='bbox 709 1856 860 1925; x_wconf 90' lang='lat' dir='ltr'>tempora</span> <span class='ocrx_word' id='word_1_93' title='bbox 885 1839 1036 1908; x_wconf 80' lang='lat' dir='ltr'>novisset</span> <span class='ocrx_word' id='word_1_94' title='bbox 1060 1891 1070 1922; x_wconf 91' lang='lat'>,</span> <span class='ocrx_word' id='word_1_95' title='bbox 1096 1843 1129 1908; x_wconf 78' lang='lat' dir='ltr'>bt</span> <span class='ocrx_word' id='word_1_96' title='bbox 1168 1840 1240 1911; x_wconf 87' lang='lat' dir='ltr'>suis</span> <span class='ocrx_word' id='word_1_97' title='bbox 1278 1842 1429 1926; x_wconf 92' lang='lat' dir='ltr'>divitiis,</span> <span class='ocrx_word' id='word_1_98' title='bbox 1467 1842 1537 1912; x_wconf 90' lang='lat' dir='ltr'>suis</span> <span class='ocrx_word' id='word_1_99' title='bbox 1582 1836 1756 1920; x_wconf 73' lang='lat' dir='ltr'>vifloriis,</span> <span class='ocrx_word' id='word_1_100' title='bbox 1795 1854 1923 1924; x_wconf 88' lang='lat' dir='ltr'>suaque</span> 
     </span>
     <span class='ocr_line' id='line_1_12' title="bbox 594 1955 1921 2050; baseline -0.002 -25"><span class='ocrx_word' id='word_1_101' title='bbox 594 1956 747 2045; x_wconf 89' lang='lat' dir='ltr'>potentia</span> <span class='ocrx_word' id='word_1_102' title='bbox 773 1958 822 2027; x_wconf 91' lang='lat' dir='ltr'>uti</span> <span class='ocrx_word' id='word_1_103' title='bbox 848 1958 1022 2028; x_wconf 90' lang='lat' dir='ltr'>scivisset.</span> <span class='ocrx_word' id='word_1_104' title='bbox 1047 1960 1140 2050; x_wconf 89' lang='lat' dir='ltr'>Quas</span> <span class='ocrx_word' id='word_1_105' title='bbox 1168 1961 1210 2032; x_wconf 90' lang='lat' dir='ltr'>ad</span> <span class='ocrx_word' id='word_1_106' title='bbox 1235 1985 1311 2033; x_wconf 88' lang='lat' dir='ltr'>eum</span> <span class='ocrx_word' id='word_1_107' title='bbox 1337 1962 1417 2034; x_wconf 88' lang='lat' dir='ltr'>dare</span> <span class='ocrx_word' id='word_1_108' title='bbox 1438 1962 1568 2032; x_wconf 85' lang='lat' dir='ltr'>solebat</span> <span class='ocrx_word' id='word_1_109' title='bbox 1592 1958 1751 2029; x_wconf 83' lang='lat' dir='ltr'>Pontifex</span> <span class='ocrx_word' id='word_1_110' title='bbox 1768 1955 1921 2034; x_wconf 75' lang='lat' dir='ltr'>litterae,</span> 
     </span>
     <span class='ocr_line' id='line_1_13' title="bbox 592 2073 1924 2168; baseline -0.002 -24"><span class='ocrx_word' id='word_1_111' title='bbox 592 2096 687 2145; x_wconf 87' lang='lat' dir='ltr'>eraut</span> <span class='ocrx_word' id='word_1_112' title='bbox 712 2078 931 2146; x_wconf 89' lang='lat' dir='ltr'>incitamenta</span> <span class='ocrx_word' id='word_1_113' title='bbox 956 2075 1044 2148; x_wconf 70' lang='lat' dir='ltr'>rede</span> <span class='ocrx_word' id='word_1_114' title='bbox 1070 2077 1261 2168; x_wconf 59' lang='lat' dir='ltr'>saelorum,</span> <span class='ocrx_word' id='word_1_115' title='bbox 1287 2087 1321 2152; x_wconf 75' lang='lat' dir='ltr'>a&lt;</span> <span class='ocrx_word' id='word_1_116' title='bbox 1357 2081 1547 2151; x_wconf 89' lang='lat' dir='ltr'>stimulavit</span> <span class='ocrx_word' id='word_1_117' title='bbox 1585 2075 1844 2161; x_wconf 75' lang='lat' dir='ltr'>cummaxime</span> <span class='ocrx_word' id='word_1_118' title='bbox 1880 2073 1924 2143; x_wconf 89' lang='lat' dir='ltr'>ad</span> 
     </span>
     <span class='ocr_line' id='line_1_14' title="bbox 595 2181 2019 2286; baseline 0 -24"><span class='ocrx_word' id='word_1_119' title='bbox 595 2195 810 2266; x_wconf 82' lang='lat' dir='ltr'>Christianae</span> <span class='ocrx_word' id='word_1_120' title='bbox 836 2197 1052 2286; x_wconf 87' lang='lat' dir='ltr'>Reipublicae</span> <span class='ocrx_word' id='word_1_121' title='bbox 1079 2199 1222 2272; x_wconf 87' lang='lat' dir='ltr'>salutem</span> <span class='ocrx_word' id='word_1_122' title='bbox 1249 2201 1524 2286; x_wconf 85' lang='lat' dir='ltr'>defendendam,</span> <span class='ocrx_word' id='word_1_123' title='bbox 1561 2200 1593 2264; x_wconf 70' lang='grc' dir='ltr'><strong>ἃ</strong></span> <span class='ocrx_word' id='word_1_124' title='bbox 1621 2199 1787 2268; x_wconf 94' lang='lat' dir='ltr'>bonorum</span> <span class='ocrx_word' id='word_1_125' title='bbox 1824 2215 1942 2264; x_wconf 84' lang='lat' dir='ltr'>caus··</span> <span class='ocrx_word' id='word_1_126' title='bbox 2013 2181 2019 2194; x_wconf 71' lang='grc'>’</span> 
     </span>
     <span class='ocr_line' id='line_1_15' title="bbox 594 2315 1946 2413; baseline -0.004 -28"><span class='ocrx_word' id='word_1_127' title='bbox 594 2339 665 2385; x_wconf 90' lang='lat' dir='ltr'>sam</span> <span class='ocrx_word' id='word_1_128' title='bbox 691 2319 871 2397; x_wconf 88' lang='lat' dir='ltr'>tuendam,</span> <span class='ocrx_word' id='word_1_129' title='bbox 894 2343 979 2410; x_wconf 88' lang='lat' dir='ltr'>quae</span> <span class='ocrx_word' id='word_1_130' title='bbox 1004 2322 1034 2390; x_wconf 92' lang='lat' dir='ltr'>si</span> <span class='ocrx_word' id='word_1_131' title='bbox 1070 2321 1105 2390; x_wconf 90' lang='lat' dir='ltr'>in</span> <span class='ocrx_word' id='word_1_132' title='bbox 1141 2321 1285 2412; x_wconf 86' lang='lat' dir='ltr'>privatis</span> <span class='ocrx_word' id='word_1_133' title='bbox 1327 2321 1477 2413; x_wconf 90' lang='lat' dir='ltr'>gloriosa</span> <span class='ocrx_word' id='word_1_134' title='bbox 1511 2338 1615 2402; x_wconf 88' lang='lat' dir='ltr'>sunt,</span> <span class='ocrx_word' id='word_1_135' title='bbox 1650 2335 1779 2408; x_wconf 89' lang='lat' dir='ltr'>quanto</span> <span class='ocrx_word' id='word_1_136' title='bbox 1822 2315 1946 2403; x_wconf 83' lang='lat' dir='ltr'>magis·</span> 
     </span>
     <span class='ocr_line' id='line_1_16' title="bbox 596 2439 1926 2534; baseline -0.002 -30"><span class='ocrx_word' id='word_1_137' title='bbox 596 2439 946 2511; x_wconf 88' lang='lat' dir='ltr'>commemorabuntur</span> <span class='ocrx_word' id='word_1_138' title='bbox 972 2443 1007 2512; x_wconf 90' lang='lat' dir='ltr'>in</span> <span class='ocrx_word' id='word_1_139' title='bbox 1034 2445 1191 2534; x_wconf 86' lang='lat' dir='ltr'>regibus?</span> <span class='ocrx_word' id='word_1_140' title='bbox 1217 2447 1375 2514; x_wconf 86' lang='lat' dir='ltr'>Fortasse</span> <span class='ocrx_word' id='word_1_141' title='bbox 1398 2439 1478 2532; x_wconf 89' lang='lat' dir='ltr'>quia</span> <span class='ocrx_word' id='word_1_142' title='bbox 1503 2457 1646 2509; x_wconf 81' lang='lat' dir='ltr'>noverat</span> <span class='ocrx_word' id='word_1_143' title='bbox 1685 2462 1755 2508; x_wconf 92' lang='lat' dir='ltr'>non</span> <span class='ocrx_word' id='word_1_144' title='bbox 1792 2453 1926 2505; x_wconf 89' lang='lat' dir='ltr'>tantum</span> 
     </span>
     <span class='ocr_line' id='line_1_17' title="bbox 594 2551 1926 2655; baseline -0.005 -27"><span class='ocrx_word' id='word_1_145' title='bbox 594 2556 723 2628; x_wconf 85' lang='lat' dir='ltr'>roboris</span> <span class='ocrx_word' id='word_1_146' title='bbox 748 2551 840 2629; x_wconf 91' lang='lat' dir='ltr'>illum</span> <span class='ocrx_word' id='word_1_147' title='bbox 866 2560 1014 2650; x_wconf 89' lang='lat' dir='ltr'>habere,</span> <span class='ocrx_word' id='word_1_148' title='bbox 1041 2583 1079 2636; x_wconf 92' lang='lat' dir='ltr'>ut</span> <span class='ocrx_word' id='word_1_149' title='bbox 1112 2587 1200 2655; x_wconf 88' lang='lat' dir='ltr'>quae</span> <span class='ocrx_word' id='word_1_150' title='bbox 1224 2561 1373 2654; x_wconf 86' lang='lat' dir='ltr'>gloriose</span> <span class='ocrx_word' id='word_1_151' title='bbox 1400 2559 1596 2652; x_wconf 86' lang='lat' dir='ltr'>cogitabat,</span> <span class='ocrx_word' id='word_1_152' title='bbox 1619 2580 1749 2647; x_wconf 88' lang='lat' dir='ltr'>semper</span> <span class='ocrx_word' id='word_1_153' title='bbox 1775 2555 1817 2625; x_wconf 89' lang='lat' dir='ltr'>ad</span> <span class='ocrx_word' id='word_1_154' title='bbox 1856 2553 1926 2622; x_wconf 83' lang='lat' dir='ltr'>eri·</span> 
     </span>
     <span class='ocr_line' id='line_1_18' title="bbox 597 2671 1924 2790; baseline 0 -46"><span class='ocrx_word' id='word_1_155' title='bbox 597 2691 668 2745; x_wconf 90' lang='lat' dir='ltr'>tum</span> <span class='ocrx_word' id='word_1_156' title='bbox 694 2679 911 2767; x_wconf 89' lang='lat' dir='ltr'>perduceret,</span> <span class='ocrx_word' id='word_1_157' title='bbox 936 2681 990 2790; x_wconf 78' lang='lat' dir='ltr'>his</span> <span class='ocrx_word' id='word_1_158' title='bbox 1016 2682 1126 2753; x_wconf 89' lang='lat' dir='ltr'>verbis</span> <span class='ocrx_word' id='word_1_159' title='bbox 1152 2683 1333 2775; x_wconf 88' lang='lat' dir='ltr'>aliquando</span> <span class='ocrx_word' id='word_1_160' title='bbox 1360 2680 1482 2752; x_wconf 91' lang='lat' dir='ltr'>clausit</span> <span class='ocrx_word' id='word_1_161' title='bbox 1507 2678 1683 2769; x_wconf 90' lang='lat' dir='ltr'>epistolam</span> <span class='ocrx_word' id='word_1_162' title='bbox 1709 2694 1824 2748; x_wconf 85' lang='lat' dir='ltr'>suam:</span> <span class='ocrx_word' id='word_1_163' title='bbox 1842 2671 1924 2744; x_wconf 79' lang='lat' dir='ltr'>Non</span> 
     </span>
     <span class='ocr_line' id='line_1_19' title="bbox 597 2793 1926 2897; baseline -0.003 -29"><span class='ocrx_word' id='word_1_164' title='bbox 597 2811 663 2868; x_wconf 84' lang='lat' dir='ltr'>tam</span> <span class='ocrx_word' id='word_1_165' title='bbox 687 2796 862 2882; x_wconf 74' lang='lat' dir='ltr'>pulchrum</span> <span class='ocrx_word' id='word_1_166' title='bbox 887 2818 937 2872; x_wconf 83' lang='lat' dir='ltr'>est</span> <span class='ocrx_word' id='word_1_167' title='bbox 954 2799 1106 2896; x_wconf 79' lang='lat' dir='ltr'>profiteri</span> <span class='ocrx_word' id='word_1_168' title='bbox 1130 2819 1228 2892; x_wconf 80' lang='lat' dir='ltr'>atque</span> <span class='ocrx_word' id='word_1_169' title='bbox 1251 2803 1397 2897; x_wconf 84' lang='lat' dir='ltr'>recipere</span> <span class='ocrx_word' id='word_1_170' title='bbox 1420 2818 1451 2872; x_wconf 87' lang='lat' dir='ltr'>te</span> <span class='ocrx_word' id='word_1_171' title='bbox 1470 2800 1635 2890; x_wconf 81' lang='lat' dir='ltr'>sac‘lurttm</span> <span class='ocrx_word' id='word_1_172' title='bbox 1659 2797 1740 2870; x_wconf 76' lang='lat' dir='ltr'>recte</span> <span class='ocrx_word' id='word_1_173' title='bbox 1773 2793 1899 2890; x_wconf 82' lang='lat' dir='ltr'>aliquid</span> <span class='ocrx_word' id='word_1_174' title='bbox 1907 2819 1926 2857; x_wconf 73' lang='lat' dir='ltr'>s</span> 
     </span>
     <span class='ocr_line' id='line_1_20' title="bbox 599 2913 1926 3017; baseline 0.001 -33"><span class='ocrx_word' id='word_1_175' title='bbox 599 2938 695 3013; x_wconf 83' lang='lat' dir='ltr'>prtem</span> <span class='ocrx_word' id='word_1_176' title='bbox 716 2913 895 3012; x_wconf 82' lang='lat' dir='ltr'>perficere,</span> <span class='ocrx_word' id='word_1_177' title='bbox 911 2923 999 3016; x_wconf 84' lang='lat' dir='ltr'>quod</span> <span class='ocrx_word' id='word_1_178' title='bbox 1013 2922 1184 3017; x_wconf 84' lang='lat' dir='ltr'>pollicitus</span> <span class='ocrx_word' id='word_1_179' title='bbox 1202 2947 1267 3004; x_wconf 79' lang='lat' dir='ltr'>es,¹</span> <span class='ocrx_word' id='word_1_180' title='bbox 1283 2924 1379 2994; x_wconf 84' lang='lat' dir='ltr'>etiem</span> <span class='ocrx_word' id='word_1_181' title='bbox 1402 2922 1643 3007; x_wconf 83' lang='lat' dir='ltr'>necessarium,</span> <span class='ocrx_word' id='word_1_182' title='bbox 1669 2936 1706 2988; x_wconf 84' lang='lat' dir='ltr'>ut</span> <span class='ocrx_word' id='word_1_183' title='bbox 1722 2915 1800 2988; x_wconf 82' lang='lat' dir='ltr'>boni</span> <span class='ocrx_word' id='word_1_184' title='bbox 1820 2914 1926 3010; x_wconf 78' lang='lat' dir='ltr'>Regis</span> 
     </span>
     <span class='ocr_line' id='line_1_21' title="bbox 553 3043 1929 3136; baseline 0.001 -29"><span class='ocrx_word' id='word_1_185' title='bbox 553 3069 561 3076; x_wconf 44' lang='lat'><em>⁸</em></span> <span class='ocrx_word' id='word_1_186' title='bbox 598 3059 717 3110; x_wconf 83' lang='lat' dir='ltr'>nomen</span> <span class='ocrx_word' id='word_1_187' title='bbox 732 3043 938 3134; x_wconf 83' lang='lat' dir='ltr'>adipiscare.</span> <span class='ocrx_word' id='word_1_188' title='bbox 956 3043 999 3112; x_wconf 88' lang='lat' dir='ltr'>In</span> <span class='ocrx_word' id='word_1_189' title='bbox 1023 3043 1126 3114; x_wconf 86' lang='lat' dir='ltr'>altero</span> <span class='ocrx_word' id='word_1_190' title='bbox 1146 3061 1247 3114; x_wconf 83' lang='lat' dir='ltr'>nutus</span> <span class='ocrx_word' id='word_1_191' title='bbox 1272 3045 1398 3125; x_wconf 83' lang='lat' dir='ltr'>animi,</span> <span class='ocrx_word' id='word_1_192' title='bbox 1421 3043 1640 3136; x_wconf 82' lang='lat' dir='ltr'>uoluntasque</span> <span class='ocrx_word' id='word_1_193' title='bbox 1658 3055 1785 3110; x_wconf 82' lang='lat' dir='ltr'>tentum</span> <span class='ocrx_word' id='word_1_194' title='bbox 1813 3055 1929 3108; x_wconf 83' lang='lat' dir='ltr'>osten·</span> 
     </span>
     <span class='ocr_line' id='line_1_22' title="bbox 599 3143 1928 3256; baseline -0.002 -26"><span class='ocrx_word' id='word_1_195' title='bbox 599 3159 704 3243; x_wconf 83' lang='lat' dir='ltr'>ditur,</span> <span class='ocrx_word' id='word_1_196' title='bbox 724 3184 809 3252; x_wconf 82' lang='lat' dir='ltr'>quae</span> <span class='ocrx_word' id='word_1_197' title='bbox 816 3159 906 3256; x_wconf 73' lang='lat' dir='ltr'>flecii</span> <span class='ocrx_word' id='word_1_198' title='bbox 925 3159 957 3232; x_wconf 75' lang='grc' dir='ltr'>ἐν</span> <span class='ocrx_word' id='word_1_199' title='bbox 977 3166 1167 3235; x_wconf 84' lang='lat' dir='ltr'>commutari</span> <span class='ocrx_word' id='word_1_200' title='bbox 1178 3161 1282 3255; x_wconf 72' lang='lat' dir='ltr'>facile</span> <span class='ocrx_word' id='word_1_201' title='bbox 1295 3179 1404 3256; x_wconf 83' lang='lat' dir='ltr'>potest</span> <span class='ocrx_word' id='word_1_202' title='bbox 1414 3187 1429 3248; x_wconf 89' lang='lat'><em>;</em></span> <span class='ocrx_word' id='word_1_203' title='bbox 1447 3164 1481 3245; x_wconf 78' lang='lat' dir='ltr'>itt</span> <span class='ocrx_word' id='word_1_204' title='bbox 1496 3161 1601 3233; x_wconf 82' lang='lat' dir='ltr'>altero</span> <span class='ocrx_word' id='word_1_205' title='bbox 1621 3163 1708 3232; x_wconf 86' lang='lat' dir='ltr'>inest</span> <span class='ocrx_word' id='word_1_206' title='bbox 1720 3143 1928 3246; x_wconf 77' lang='lat' dir='ltr'>constantio,</span> 
     </span>
     <span class='ocr_line' id='line_1_23' title="bbox 594 3277 1929 3378; baseline -0.004 -25"><span class='ocrx_word' id='word_1_207' title='bbox 594 3277 865 3378; x_wconf 82' lang='lat' dir='ltr'>perpetuitosqtt&#39;e</span> <span class='ocrx_word' id='word_1_208' title='bbox 883 3280 1090 3362; x_wconf 84' lang='lat' dir='ltr'>uoluntatis,</span> <span class='ocrx_word' id='word_1_209' title='bbox 1114 3305 1199 3376; x_wconf 83' lang='lat' dir='ltr'>quae</span> <span class='ocrx_word' id='word_1_210' title='bbox 1223 3284 1352 3376; x_wconf 83' lang='lat' dir='ltr'>quidem</span> <span class='ocrx_word' id='word_1_211' title='bbox 1394 3282 1527 3352; x_wconf 83' lang='lat' dir='ltr'>multum</span> <span class='ocrx_word' id='word_1_212' title='bbox 1554 3279 1704 3363; x_wconf 79' lang='lat' dir='ltr'>roboris,</span> <span class='ocrx_word' id='word_1_213' title='bbox 1730 3279 1929 3374; x_wconf 81' lang='lat' dir='ltr'>multumque</span> 
     </span>
     <span class='ocr_line' id='line_1_24' title="bbox 598 3399 1929 3494; baseline -0.004 -22"><span class='ocrx_word' id='word_1_214' title='bbox 598 3403 734 3474; x_wconf 84' lang='lat' dir='ltr'>uirtutis</span> <span class='ocrx_word' id='word_1_215' title='bbox 772 3403 924 3494; x_wconf 82' lang='lat' dir='ltr'>requirit.</span> <span class='ocrx_word' id='word_1_216' title='bbox 961 3402 1073 3492; x_wconf 83' lang='lat' dir='ltr'>Atque</span> <span class='ocrx_word' id='word_1_217' title='bbox 1098 3400 1225 3472; x_wconf 87' lang='lat' dir='ltr'>utinam</span> <span class='ocrx_word' id='word_1_218' title='bbox 1251 3426 1321 3471; x_wconf 92' lang='lat' dir='ltr'>non</span> <span class='ocrx_word' id='word_1_219' title='bbox 1347 3402 1490 3478; x_wconf 85' lang='lat' dir='ltr'>fuissent</span> <span class='ocrx_word' id='word_1_220' title='bbox 1522 3405 1611 3493; x_wconf 91' lang='lat' dir='ltr'>apud</span> <span class='ocrx_word' id='word_1_221' title='bbox 1635 3402 1728 3472; x_wconf 86' lang='lat' dir='ltr'>illum</span> <span class='ocrx_word' id='word_1_222' title='bbox 1753 3399 1929 3470; x_wconf 85' lang='lat' dir='ltr'>illecebrae</span> 
     </span>
     <span class='ocr_line' id='line_1_25' title="bbox 600 3517 1933 3612; baseline -0.002 -24"><span class='ocrx_word' id='word_1_223' title='bbox 600 3519 781 3590; x_wconf 88' lang='lat' dir='ltr'>libidinum</span> <span class='ocrx_word' id='word_1_224' title='bbox 804 3519 952 3612; x_wconf 88' lang='lat' dir='ltr'>multae,</span> <span class='ocrx_word' id='word_1_225' title='bbox 978 3539 1017 3590; x_wconf 91' lang='lat' dir='ltr'>ut</span> <span class='ocrx_word' id='word_1_226' title='bbox 1042 3541 1139 3592; x_wconf 88' lang='lat' dir='ltr'>erant</span> <span class='ocrx_word' id='word_1_227' title='bbox 1164 3522 1267 3608; x_wconf 82' lang='lat' dir='ltr'>etiam</span> <span class='ocrx_word' id='word_1_228' title='bbox 1292 3520 1476 3590; x_wconf 87' lang='lat' dir='ltr'>industriae</span> <span class='ocrx_word' id='word_1_229' title='bbox 1501 3521 1636 3611; x_wconf 89' lang='lat' dir='ltr'>quidam</span> <span class='ocrx_word' id='word_1_230' title='bbox 1651 3519 1778 3590; x_wconf 88' lang='lat' dir='ltr'>stimuli</span> <span class='ocrx_word' id='word_1_231' title='bbox 1804 3521 1838 3590; x_wconf 75' lang='lat' dir='ltr'>bc</span> <span class='ocrx_word' id='word_1_232' title='bbox 1861 3517 1933 3609; x_wconf 89' lang='lat' dir='ltr'>glo·</span> 
     </span>
     <span class='ocr_line' id='line_1_26' title="bbox 602 3637 1931 3733; baseline -0.002 -23"><span class='ocrx_word' id='word_1_233' title='bbox 602 3641 693 3726; x_wconf 80' lang='lat' dir='ltr'>riae3</span> <span class='ocrx_word' id='word_1_234' title='bbox 728 3665 804 3711; x_wconf 90' lang='lat' dir='ltr'>nam</span> <span class='ocrx_word' id='word_1_235' title='bbox 839 3637 1113 3712; x_wconf 88' lang='lat' dir='ltr'>florentissimum</span> <span class='ocrx_word' id='word_1_236' title='bbox 1147 3665 1287 3733; x_wconf 89' lang='lat' dir='ltr'>regnum</span> <span class='ocrx_word' id='word_1_237' title='bbox 1320 3643 1353 3712; x_wconf 88' lang='lat' dir='ltr'>itt</span> <span class='ocrx_word' id='word_1_238' title='bbox 1378 3643 1688 3718; x_wconf 88' lang='lat' dir='ltr'>turbulentissimas</span> <span class='ocrx_word' id='word_1_239' title='bbox 1713 3656 1931 3730; x_wconf 83' lang='lat' dir='ltr'>tempestates</span> 
     </span>
     <span class='ocr_line' id='line_1_27' title="bbox 545 3756 991 3854; baseline 0 -24"><span class='ocrx_word' id='word_1_240' title='bbox 545 3756 548 3766; x_wconf 84' lang='lat'>&#39;</span> <span class='ocrx_word' id='word_1_241' title='bbox 603 3761 738 3830; x_wconf 89' lang='lat' dir='ltr'>minime</span> <span class='ocrx_word' id='word_1_242' title='bbox 770 3761 991 3854; x_wconf 86' lang='lat' dir='ltr'>conjecisset.</span> 
     </span>
    </p>

    <p class='ocr_par' dir='ltr' id='par_1_3' title="bbox 603 3878 1999 4328">
     <span class='ocr_line' id='line_1_28' title="bbox 702 3878 1929 3970; baseline 0 -19"><span class='ocrx_word' id='word_1_243' title='bbox 702 3886 785 3951; x_wconf 91' lang='lat' dir='ltr'>Cum</span> <span class='ocrx_word' id='word_1_244' title='bbox 811 3902 853 3950; x_wconf 92' lang='lat' dir='ltr'>eo</span> <span class='ocrx_word' id='word_1_245' title='bbox 878 3880 919 3949; x_wconf 93' lang='lat' dir='ltr'>de</span> <span class='ocrx_word' id='word_1_246' title='bbox 951 3878 1077 3970; x_wconf 88' lang='lat' dir='ltr'>gloriae</span> <span class='ocrx_word' id='word_1_247' title='bbox 1116 3883 1332 3970; x_wconf 89' lang='lat' dir='ltr'>possessione</span> <span class='ocrx_word' id='word_1_248' title='bbox 1373 3905 1503 3959; x_wconf 87' lang='lat' dir='ltr'>certare</span> <span class='ocrx_word' id='word_1_249' title='bbox 1541 3886 1720 3958; x_wconf 86' lang='lat' dir='ltr'>videbatur</span> <span class='ocrx_word' id='word_1_250' title='bbox 1753 3881 1929 3954; x_wconf 87' lang='lat' dir='ltr'>Gallorum</span> 
     </span>
     <span class='ocr_line' id='line_1_29' title="bbox 603 3999 1929 4090; baseline -0.004 -18"><span class='ocrx_word' id='word_1_251' title='bbox 603 4002 702 4080; x_wconf 85' lang='lat' dir='ltr'>Rex,</span> <span class='ocrx_word' id='word_1_252' title='bbox 732 4023 830 4090; x_wconf 89' lang='lat' dir='ltr'>quem</span> <span class='ocrx_word' id='word_1_253' title='bbox 856 3999 1010 4070; x_wconf 88' lang='lat' dir='ltr'>omnibus</span> <span class='ocrx_word' id='word_1_254' title='bbox 1036 4002 1151 4072; x_wconf 85' lang='lat' dir='ltr'>officiis</span> <span class='ocrx_word' id='word_1_255' title='bbox 1170 4002 1341 4074; x_wconf 87' lang='lat' dir='ltr'>devincire</span> <span class='ocrx_word' id='word_1_256' title='bbox 1365 4007 1427 4076; x_wconf 84' lang='lat' dir='ltr'>sibi</span> <span class='ocrx_word' id='word_1_257' title='bbox 1449 4009 1514 4074; x_wconf 80' lang='lat' dir='ltr'>Len</span> <span class='ocrx_word' id='word_1_258' title='bbox 1534 4007 1752 4076; x_wconf 89' lang='lat' dir='ltr'>vehementer</span> <span class='ocrx_word' id='word_1_259' title='bbox 1776 4001 1929 4074; x_wconf 84' lang='lat' dir='ltr'>studuit.</span> 
     </span>
     <span class='ocr_line' id='line_1_30' title="bbox 603 4119 1999 4212; baseline 0.003 -25"><span class='ocrx_word' id='word_1_260' title='bbox 603 4121 732 4192; x_wconf 82' lang='lat' dir='ltr'>Natura</span> <span class='ocrx_word' id='word_1_261' title='bbox 771 4142 927 4208; x_wconf 89' lang='lat' dir='ltr'>magnum</span> <span class='ocrx_word' id='word_1_262' title='bbox 967 4119 1076 4192; x_wconf 86' lang='lat' dir='ltr'>vitum</span> <span class='ocrx_word' id='word_1_263' title='bbox 1112 4122 1358 4209; x_wconf 87' lang='lat' dir='ltr'>inchoaverat,</span> <span class='ocrx_word' id='word_1_264' title='bbox 1401 4127 1567 4212; x_wconf 87' lang='lat' dir='ltr'>sapientia</span> <span class='ocrx_word' id='word_1_265' title='bbox 1603 4125 1811 4212; x_wconf 80' lang='lat' dir='ltr'>perfecerat.</span> <span class='ocrx_word' id='word_1_266' title='bbox 1844 4123 1932 4190; x_wconf 86' lang='lat' dir='ltr'>Cum</span> <span class='ocrx_word' id='word_1_267' title='bbox 1995 4191 1999 4199; x_wconf 81' lang='grc'><strong>,</strong></span> 
     </span>
     <span class='ocr_line' id='line_1_31' title="bbox 605 4235 1931 4328; baseline -0.001 -20"><span class='ocrx_word' id='word_1_268' title='bbox 605 4240 744 4328; x_wconf 89' lang='lat' dir='ltr'>primum</span> <span class='ocrx_word' id='word_1_269' title='bbox 772 4238 815 4308; x_wconf 91' lang='lat' dir='ltr'>ad</span> <span class='ocrx_word' id='word_1_270' title='bbox 838 4235 931 4307; x_wconf 90' lang='lat' dir='ltr'>illum</span> <span class='ocrx_word' id='word_1_271' title='bbox 956 4239 1052 4309; x_wconf 87' lang='lat' dir='ltr'>venit</span> <span class='ocrx_word' id='word_1_272' title='bbox 1075 4241 1234 4314; x_wconf 82' lang='lat' dir='ltr'>Devitius</span> <span class='ocrx_word' id='word_1_273' title='bbox 1260 4245 1413 4316; x_wconf 88' lang='lat' dir='ltr'>Cardinal</span> <span class='ocrx_word' id='word_1_274' title='bbox 1427 4249 1478 4314; x_wconf 88' lang='lat' dir='ltr'>is.</span> <span class='ocrx_word' id='word_1_275' title='bbox 1521 4245 1673 4316; x_wconf 85' lang='lat' dir='ltr'>narravit</span> <span class='ocrx_word' id='word_1_276' title='bbox 1708 4240 1862 4312; x_wconf 86' lang='lat' dir='ltr'>Pontifici</span> <span class='ocrx_word' id='word_1_277' title='bbox 1894 4259 1931 4308; x_wconf 88' lang='lat' dir='ltr'>se</span> 
     </span>
    </p>

    <p class='ocr_par' dir='ltr' id='par_1_4' title="bbox 490 4353 1934 4580">
     <span class='ocr_line' id='line_1_32' title="bbox 601 4355 1933 4459; baseline -0.005 -25"><span class='ocrx_word' id='word_1_278' title='bbox 601 4358 823 4434; x_wconf 80' lang='lat' dir='ltr'>admiratione</span> <span class='ocrx_word' id='word_1_279' title='bbox 849 4355 999 4427; x_wconf 72' lang='lat' dir='ltr'>affedlum</span> <span class='ocrx_word' id='word_1_280' title='bbox 1026 4357 1149 4438; x_wconf 88' lang='lat' dir='ltr'>fuisse,</span> <span class='ocrx_word' id='word_1_281' title='bbox 1174 4363 1266 4452; x_wconf 87' lang='lat' dir='ltr'>quod</span> <span class='ocrx_word' id='word_1_282' title='bbox 1290 4384 1353 4440; x_wconf 70' lang='lat' dir='ltr'>tot¹</span> <span class='ocrx_word' id='word_1_283' title='bbox 1368 4366 1430 4436; x_wconf 85' lang='lat' dir='ltr'>sibi</span> <span class='ocrx_word' id='word_1_284' title='bbox 1456 4369 1591 4459; x_wconf 87' lang='lat' dir='ltr'>suisque</span> <span class='ocrx_word' id='word_1_285' title='bbox 1629 4362 1757 4446; x_wconf 90' lang='lat' dir='ltr'>Gallis,</span> <span class='ocrx_word' id='word_1_286' title='bbox 1776 4361 1837 4453; x_wconf 93' lang='lat' dir='ltr'>qui</span> <span class='ocrx_word' id='word_1_287' title='bbox 1861 4377 1933 4429; x_wconf 86' lang='lat' dir='ltr'>trun</span> 
     </span>
     <span class='ocr_line' id='line_1_33' title="bbox 490 4460 1934 4580; baseline 0.001 -26"><span class='ocrx_word' id='word_1_288' title='bbox 490 4460 494 4472; x_wconf 49' lang='lat'>¹</span> <span class='ocrx_word' id='word_1_289' title='bbox 606 4501 626 4554; x_wconf 82' lang='lat' dir='ltr'>e</span> <span class='ocrx_word' id='word_1_290' title='bbox 665 4479 815 4550; x_wconf 88' lang='lat' dir='ltr'>barbarie</span> <span class='ocrx_word' id='word_1_291' title='bbox 847 4499 1013 4572; x_wconf 83' lang='lat' dir='ltr'>emergere</span> <span class='ocrx_word' id='word_1_292' title='bbox 1047 4479 1273 4568; x_wconf 84' lang='lat' dir='ltr'>videbantur,</span> <span class='ocrx_word' id='word_1_293' title='bbox 1304 4507 1529 4576; x_wconf 87' lang='lat' dir='ltr'>comparasset</span> <span class='ocrx_word' id='word_1_294' title='bbox 1566 4486 1764 4580; x_wconf 84' lang='lat' dir='ltr'>graviorum</span> <span class='ocrx_word' id='word_1_295' title='bbox 1807 4479 1934 4550; x_wconf 80' lang='lat' dir='ltr'>artium</span> 
     </span>
    </p>

    <p class='ocr_par' dir='ltr' id='par_1_5' title="bbox 1826 4621 1915 4674">
     <span class='ocr_line' id='line_1_34' title="bbox 1826 4621 1915 4674; baseline 0 -40"><span class='ocrx_word' id='word_1_296' title='bbox 1826 4621 1915 4674; x_wconf 47' lang='lat' dir='ltr'>ms</span> 
     </span>
    </p>
   </div>
   <div class='ocr_carea' id='block_1_2' title="bbox 0 0 2225 5828">
    <p class='ocr_par' dir='ltr' id='par_1_6' title="bbox 0 0 2225 5828">
     <span class='ocr_line' id='line_1_35' title="bbox 0 0 2225 5828; baseline 0 0"><span class='ocrx_word' id='word_1_297' title='bbox 0 0 2225 5828; x_wconf 95' lang='lat' dir='ltr'> </span> 
     </span>
    </p>
   </div>
  </div>
 </body>
</html>
