4372 5842
641 671 712 750 216
1040 685 1067 754 L
1115 685 1141 754 E
1190 683 1223 754 O
1270 683 1301 752 N
1350 683 1364 750 l
1413 681 1434 748 S
1507 679 1549 746 X.

577 820 766 883 vocantur,
794 798 968 874 aSan'dlo'
989 802 1115 889 Gallo,
1148 811 1182 876 sc
1219 802 1360 874 lucundi
1394 801 1624 883 Veronensis,
1658 799 1811 892 quod&
1838 784 1923 877 iecit

576 919 752 994 Belthasar
786 911 941 994 Perutius
979 925 1161 1010 Senensis,
1186 928 1242 1018 qui
1269 927 1303 996 in
1329 925 1463 996 illorum
1490 923 1603 994 locum
1639 923 1829 994 successit.
1853 925 1923 995 No·

576 1067 657 1116 vum
682 1067 766 1115 vero
792 1043 1042 1138 quodammodo
1068 1069 1154 1138 opus
1180 1049 1328 1118 effecisse
1352 1049 1491 1120 videtur
1511 1044 1661 1116 Michael
1684 1045 1832 1138 Angelus
1852 1048 1917 1114 Bo-

577 1164 768 1250 narrotius,
793 1165 944 1248 modeste
969 1165 1051 1238 licet
1075 1169 1273 1248 affirmaret,
1298 1191 1334 1240 se
1361 1172 1509 1262 cogitata
1535 1167 1723 1248 Bramantis
1750 1167 1841 1237 otnni
1868 1165 1917 1242 se·

509 1363 518 1382 .
576 1303 613 1352 te
636 1303 679 1354 ert
703 1304 799 1370 parte
813 1307 994 1360 executum
1019 1311 1116 1361 esse.
1143 1293 1269 1361 Extant
1295 1292 1416 1362 Leonis
1442 1287 1809 1365 nummiaCaradosso
1837 1309 1919 1358 mo-

507 1486 511 1496 ,
577 1403 783 1474 notariorum
809 1409 959 1478 omnium
995 1412 1285 1500 praestantissimo
1322 1407 1434 1504 (129)
1471 1413 1595 1484 affabre
1632 1434 1714 1484 sane
1753 1411 1851 1493 cusi,
1885 1410 1919 1486 iu

578 1527 700 1617 quibus
726 1529 839 1600 videre
864 1529 951 1604 licet
970 1531 1084 1630 templi
1111 1531 1282 1620 frontem,
1308 1534 1441 1628 qualem
1466 1537 1653 1615 Bramans,
1688 1539 1722 1604 dt
1749 1529 1916 1602 'Santlius

576 1649 850 1735 delineaverunt,
876 1652 1040 1744 quodque*
1055 1651 1135 1722 lruic
1161 1653 1381 1725 mandaverat
1405 1657 1499 1742 Leo,
1527 1675 1567 1725 ut
1592 1655 1674 1725 nihil
1698 1653 1920 1745 praetermit-

579 1786 685 1854 teret,
716 1772 807 1862 quod
833 1773 875 1842 ad
898 1773 969 1863 ejus
1005 1774 1257 1863 amplitudinem
1302 1779 1336 1844 δι
1377 1773 1666 1866 magnificentiam
1709 1773 1913 1863 pertineret,

577 1892 709 1964 minime
732 1893 900 1972 diffidebat
926 1916 961 1963 se
987 1915 1086 1981 posse
1112 1893 1199 1966 illius
1227 1895 1389 1966 desideria
1415 1919 1630 1988 exaequare.
1659 1893 1809 1964 Omnino
1837 1917 1922 1982 spe-

576 2011 673 2080 rabat
699 2015 764 2082 Leo
790 2017 903 2102 paucis
932 2015 1030 2084 annis
1057 2039 1158 2103 posse
1184 2021 1295 2086 totum
1324 2014 1394 2086 fere
1418 2039 1503 2104 opus
1525 2012 1675 2099 absolvi,
1699 2035 1799 2104 quam
1824 2035 1917 2102 spem

576 2147 648 2198 tum
674 2154 1037 2224 grauestemporum,
1062 2156 1134 2206 tum
1158 2136 1248 2206 varii
1274 2137 1327 2208 sui
1362 2157 1491 2218 casus,
1530 2151 1611 2204 tunt¹
1640 2133 1843 2224 magnitudo
1869 2135 1920 2208 rei

575 2249 795 2338 seselleruut,
821 2257 997 2347 Maiorem,
1016 2257 1116 2327 etiarn
1143 2257 1327 2328 utilitatem
1367 2253 1460 2344 cepit
1484 2257 1552 2326 Leo
1575 2275 1619 2324 ex
1650 2252 1776 2323 Sanun
1813 2273 1917 2342 opert
1945 2272 1951 2288 ·

576 2371 611 2442 in
638 2373 844 2447 adornandis
869 2376 1042 2447 Vaticanis
1069 2378 1232 2464 aedibus,
1264 2379 1299 2448 in
1324 2376 1447 2469 quibus
1474 2397 1605 2446 summo
1644 2373 1785 2452 artificio
1812 2371 1918 2440 multa
1946 2385 1950 2401 ·

579 2491 713 2586 pinxit,
739 2519 826 2585 quae
852 2517 953 2568 erunt
978 2518 1196 2578 monumenta
1220 2499 1423 2593 sempiterna
1448 2497 1626 2587 utriusque
1652 2493 1762 2564 laudis
1787 2494 1820 2561 dt
1847 2491 1919 2581 glo·

575 2611 667 2697 riae.
693 2616 895 2707 Quanquam
920 2618 1019 2714 hujus
1045 2643 1115 2690 non
1141 2621 1319 2693 mediocris
1350 2643 1488 2712 queque
1514 2641 1590 2709 pars
1617 2615 1780 2691 redundat
1797 2611 1838 2690 ad
1855 2615 1917 2682 Ju-

575 2729 657 2819 lium
682 2749 719 2805 tt·
742 2735 798 2825 qui
824 2739 1117 2814 commendatione
1143 2743 1176 2809 dt
1202 2740 1400 2810 testimonio
1426 2737 1612 2812 Bramautis
1636 2753 1794 2838 coeperat
1821 2731 1918 2802 adhi-

573 2855 652 2935 bete
676 2854 785 2924 divini
812 2857 950 2932 artificis
976 2883 1115 2930 manus.
1142 2860 1254 2930 Leone
1269 2861 1402 2952 quidem
1418 2858 1601 2960 Pontifice,
1623 2857 1787 2947 expressit
1813 2853 1917 2930 mira-

573 2973 704 3060 biliter,
729 2994 768 3052 ut
796 2983 828 3048 dc
855 2999 969 3056 cetera
996 2999 1075 3049 ante
1099 3003 1175 3050 eum
1198 2981 1334 3066 omnia,
1360 3003 1447 3072 quae
1477 2983 1648 3068 pertinent
1689 2977 1731 3048 ad
1767 2977 1913 3057 Leonem

574 3115 633 3179 lJJ·
658 3099 793 3168 obviarn
818 3117 954 3168 euntem
980 3095 1107 3174 Attilae
1132 3123 1236 3190 prope
1276 3101 1409 3172 flumen
1445 3101 1628 3182 Mincium,
1665 3097 1915 3186 donantemque

576 3240 704 3294 corona
729 3218 887 3290 Carolum
912 3222 1099 3311 Magnum,
1139 3222 1171 3286 dt
1211 3222 1254 3304 ad
1278 3225 1423 3291 Leonem
1461 3237 1519 3299 Jv.
1550 3219 1742 3290 incendium
1779 3213 1913 3288 crudele

575 3357 691 3408 ortum
717 3359 820 3426 prope
846 3339 1051 3411 Vatieanum
1077 3341 1189 3410 crucis
1220 3341 1319 3430 signo
1340 3339 1630 3432 ‚extinguentem
1670 3335 1848 3428 ipsumque
1872 3335 1915 3406 acl

576 3457 678 3526 Ostia
701 3459 872 3543 Tyberina·
898 3481 917 3528 a
941 3460 1118 3530 Saracenis
1146 3459 1343 3541 obsessum,
1370 3465 1404 3531 dt
1444 3459 1666 3531 acalumniis
1708 3456 1915 3538 liberatum,
2028 3455 2030 3460 ’

576 3576 637 3672 His
661 3577 696 3664 in
722 3572 859 3663 pisturis
882 3576 998 3646 videre
1024 3597 1077 3653 est
1103 3579 1145 3650 ad
1183 3579 1302 3657 vivum
1339 3579 1467 3651 effictos
1493 3597 1571 3650 tum
1596 3579 1744 3651 Leonem
1780 3576 1916 3664 ipsunt,

577 3713 649 3778 tum
683 3693 861 3764 Dovitium
893 3699 931 3766 ‘dt
956 3693 1078 3766 lulium
1109 3699 1299 3774 Mediceum
1329 3697 1547 3784 Cardinales,
1573 3693 1808 3770 toarnouium
1833 3696 1917 3774 Pau·
1950 3724 1954 3732 ·

575 3813 793 3908 alttlphinium
819 3812 942 3906 Troiae
978 3815 1208 3906 Episcopum,
1232 3843 1329 3912 quem
1356 3817 1513 3890 Pontifex
1537 3820 1572 3888 in
1599 3817 1714 3906 primis
1754 3811 1914 3898 amabat,

577 3935 782 4026 charumque
807 3933 973 4019 habebat,
1009 3934 1229 4024 Hippolytum
1268 3939 1458 4013 Mediceum
1489 3961 1640 4018 summae
1674 3933 1916 4026 expectationis

579 4072 747 4148 puerum,
774 4051 933 4146 itt'cujus
958 4077 1019 4138 ore
1045 4057 1212 4150 vultuque
1240 4059 1453 4149 acquiescere
1478 4059 1656 4131 videbatur
1673 4055 1785 4146 (¹30)
1807 4053 1916 4132 alios-

577 4199 645 4265 que
669 4175 753 4246 bene
779 4173 928 4260 multos,
954 4175 1014 4265 qui
1052 4173 1125 4246 t'um
1161 4175 1371 4265 amplissimis
1414 4179 1665 4251 decorabantur
1699 4177 1916 4249 honoribus.

577 4292 782 4387 Respexisse
806 4317 943 4388 quoque
971 4298 1013 4374 ad
1037 4299 1183 4368 Leonem
1199 4297 1416 4370 existimatur
1431 4297 1604 4388 Raphael,
1628 4298 1763 4391 quando
1784 4321 1917 4388 reprae·

581 4413 731 4490 seutauit
755 4416 787 4483 S.
807 4415 942 4486 Petrum
966 4415 1082 4492 divina
1114 4439 1180 4505 ope
1205 4440 1264 4517 per
1303 4420 1468 4512 Angelum
1502 4443 1522 4491 e
1557 4441 1691 4495 carcere
1725 4419 1914 4508 emissum,

579 4529 820 4628 reminiscens,
844 4559 932 4632 quae
955 4535 1155 4626 mirabiliter
1179 4557 1386 4630 euenerant,
1410 4559 1448 4624 ut
1474 4539 1503 4614 is
1523 4559 1543 4622 e
1566 4537 1744 4621 Gallorum
1758 4537 1917 4650 custodia

1795 4659 1868 4712 eu·
