4372 5842
666 655 735 724 204
1064 640 1091 708 L
1134 640 1165 708 E
1214 637 1245 708 0
1294 638 1324 708 Ν
1372 639 1387 706 l
1434 635 1457 702 S
1529 637 1570 704 X.

591 755 776 845 'temporis
800 777 929 828 sumere
955 755 1102 844 potuerit
1126 758 1192 826 Leo
1219 757 1262 828 ad
1287 757 1371 827 haec
1397 752 1511 826 studia
1546 741 1748 840 recolenda,
1786 753 1845 825 sed
1883 755 1946 828 nisi

620 874 803 944 mttltorum
826 875 1014 966 praeceptis
1045 875 1229 968 multisque
1254 875 1374 945 litteris
1398 873 1461 944 sibi
1486 872 1526 942 ab
1563 872 1789 944 adolescentia
1821 875 1950 945 suasis·

615 1012 693 1080 set,
718 995 924 1084 suppeditari
950 997 991 1064 ab
1015 995 1074 1079 iis,
1098 997 1156 1065 ubi
1182 999 1215 1066 bc
1235 995 1363 1066 animus
1387 995 1594 1086 quotidianis
1620 993 1791 1066 laboribus
1817 997 1852 1064 bt
1877 993 1946 1064 for·

618 1132 722 1184 tunae
746 1115 872 1209 injuriis
901 1115 1039 1206 jablatus
1083 1115 1299 1199 reficeretur,
1323 1119 1358 1186 δι
1385 1135 1480 1184 aures
1507 1131 1566 1182 aut
1591 1112 1744 1202 ineptiis,
1782 1130 1839 1185 aut
1862 1135 1950 1184 con-

619 1231 717 1303 viciis
741 1234 893 1306 defessae
918 1232 1221 1324 conquiescerent,
1247 1255 1316 1303 non
1342 1231 1426 1303 adeo
1452 1233 1588 1326 quidem
1614 1231 1694 1322 ipsis
1718 1233 1850 1304 deditus
1870 1231 1949 1304 suis·

537 1368 541 1375 ·
620 1355 692 1438 set,
719 1373 756 1424 ut
781 1355 855 1426 sine
879 1356 920 1424 iis
954 1355 1061 1426 vitam
1095 1355 1272 1427 insuavem
1297 1353 1454 1424 duceret.
1478 1355 1593 1446 Quare
1618 1350 1648 1421 si
1671 1353 1882 1423 affirmavero
1901 1375 1951 1422 ar·

547 1481 556 1492 “
616 1467 706 1541 tibus
730 1472 819 1556 illis,
843 1499 926 1565 quas
950 1475 1102 1546 laudibus
1127 1473 1314 1552 efferebat,
1346 1493 1499 1563 quasque
1522 1489 1576 1540 tot
1601 1470 1709 1544 modis
1736 1471 1948 1562 honorabat,

555 1591 564 1600 '⁴
619 1591 728 1680 ipsum
754 1595 924 1664 eruditum
949 1591 1079 1680 fnisse,
1105 1593 1256 1665 debitum
1281 1591 1369 1662 illius
1395 1589 1519 1662 virtuti
1545 1591 1778 1680 praeconium·
1800 1615 1852 1662 me
1885 1590 1952 1662 tri·

621 1711 734 1782 baisse
759 1715 904 1802 putabo.
937 1715 1049 1805 Atque
1075 1713 1158 1784 illud
1194 1712 1296 1782 etiam
1330 1710 1535 1780 contendere
1575 1733 1674 1798 posse
1697 1709 1840 1796 videor,
1864 1707 1954 1802 quod

622 1831 778 1922 quamvis
805 1825 981 1904 excellenti
1007 1832 1201 1923 ingenio&
1228 1831 1340 1901 animo
1365 1829 1467 1900 fuerit
1493 1827 1648 1914 Paullus,
1673 1833 1707 1900 δι
1734 1830 1775 1900 ad
1799 1847 1953 1900 naturam

621 1951 777 2020 eximiam
803 1969 903 2042 atque
930 1949 1095 2022 illustrem
1120 1931 1309 2042 adjunxerit
1335 1948 1497 2018 rationem
1531 1948 1711 2040 quamdam
1747 1953 1780 2020 bt
1817 1945 1956 2016 confor-

480 2101 485 2111 ·
590 2159 594 2166 Ι
622 2071 805 2143 mationem
830 2069 1026 2156 doclrinae,
1050 2060 1150 2164 quam
1176 2068 1370 2142 adolescens
1395 2069 1590 2157 praesertim
1616 2069 1729 2138 hausit
1768 2091 1788 2138 a
1818 2067 1955 2136 Pisanae

621 2188 826 2260 Academiae
850 2189 1051 2281 Megisten,
1077 2191 1109 2255 bc
1135 2215 1155 2260 a
1179 2191 1313 2260 summis
1340 2189 1445 2273 viris,
1471 2213 1558 2282 quos
1591 2188 1682 2259 domi
1720 2185 1831 2258 alebat
1865 2185 1956 2254 Lau-

622 2308 753 2382 sentius
777 2307 969 2394 Mediceus,
993 2309 1082 2398 apud
1107 2332 1206 2401 quem
1228 2309 1401 2381 habitasse
1426 2311 1587 2396 uidetur,
1613 2309 1750 2380 nonita
1775 2324 1886 2376 tamen
1910 2301 1958 2373 fa·

624 2425 697 2500 blus
722 2448 796 2501 erat
833 2427 875 2498 ad
899 2423 1014 2498 studia
1039 2427 1290 2512 humanitatis,
1325 2453 1532 2522 quae-sane
1570 2430 1779 2513 mirabatur,
1814 2447 1891 2496 cum
1923 2423 1958 2493 in

627 2549 704 2622 aliis
726 2549 885 2636 uidebat,
916 2553 950 2621 bc
975 2549 1133 2642 gustabat
1157 2550 1285 2636 etiam,
1310 2569 1399 2622 teste
1424 2547 1611 2638 Gyraldio‚
1633 2551 1763 2620 Graece
1782 2551 1816 2620 ta
1841 2544 1959 2616 Latine

626 2668 712 2741 be'ne
735 2664 882 2753 doblus,
910 2687 949 2740 ut
974 2667 1098 2760 aliquid
1123 2691 1166 2739 ex
1203 2691 1239 2740 se
1273 2689 1465 2758 promeret,
1503 2669 1595 2760 quod
1624 2665 1710 2740 alios
1749 2661 1962 2737 delectaret.

625 2789 757 2857 Contra
780 2790 874 2873 Leo,
914 2788 1193 2882 quemadmodum
1230 2791 1407 2864 affirmavit
1445 2790 1560 2860 Jovius
1594 2783 1689 2870 (nac
1724 2786 1872 2876 suspicio
1908 2801 1960 2855 est

630 2903 725 2977 illum
759 2907 888 3000 gratiae
928 2908 1145 2998 aucupandae
1185 2933 1306 2981 caussa
1343 2932 1418 2980 esse
1467 2911 1677 2994 mentitum,
1721 2929 1796 2979 cnm
1834 2903 1959 2975 scribat

627 3025 857 3122 demortuo)
881 3027 1024 3102 dieiabut
1047 3031 1206 3126 epistolas
1230 3027 1424 3102 Etrusceb·
1448 3031 1571 3102 Latine
1582 3027 1834 3127 perelegantes,
1857 3023 1962 3098 bett-

625 3145 762 3242 pedite:
787 3151 1002 3246 componebat
1024 3156 1121 3226 etium
1146 3177 1266 3226 uersus
1282 3175 1357 3224 ‘non
1380 3152 1515 3248 illepide
1539 3149 1701 3238 Latinos,
1729 3149 1889 3220 Etntscos
1905 3173 1963 3220 ve·

627 3287 666 3376 ro
700 3289 901 3364 paromoeon
935 3273 1143 3362 jucunditate
1167 3272 1403 3359 delec‘labiles;
1428 3287 1570 3345 noverat
1593 3292 1722 3366 quoque
1742 3270 1890 3342 Graecus
1912 3267 1964 3339 lit·

629 3403 738 3477 teras,
761 3413 968 3490 nequaquam
993 3393 1038 3464 ad
1056 3395 1329 3478 ostentationem,
1354 3394 1415 3466 sed
1436 3395 1482 3466 ad
1500 3393 1672 3491 praesidia
1707 3391 1852 3464 Lamnae
1885 3410 1962 3463 ent·

632 3513 794 3589 ditioniss
819 3513 951 3608 legendi
975 3513 1141 3586 autem&
1175 3514 1342 3612 relegendi
1374 3513 1487 3587 oblata
1520 3537 1695 3612 quaeque,
1728 3513 1761 3588 b·
1792 3513 1964 3610 praealtus

635 3633 734 3704 etiam
759 3635 887 3708 codices
912 3632 1035 3729 absque
1058 3634 1128 3704 ulla
1146 3636 1279 3726 fastidii
1306 3638 1497 3732 suspicione
1530 3637 1745 3708 avidissimus
1779 3657 1886 3731 aeque
1925 3657 1965 3708 ac

632 3753 918 3846 patientissimus,
942 3754 1025 3825 adeo
1048 3771 1086 3825 ut
1109 3777 1181 3826 cum
1207 3757 1458 3852 incomparabili
1481 3762 1635 3832 memoria
1664 3757 1864 3850 frueretur,
1900 3777 1966 3827 om·

633 3874 726 3947 nium
746 3876 894 3970 gentium
918 3873 1191 3970 saecularemque
1211 3877 1368 3949 historias
1392 3879 1429 3948 in
1452 3877 1635 3973 exemplum
1652 3879 1814 3950 ac'lt'onum
1831 3899 1966 3952 suarum

634 3997 911 4090 opportunissime
936 3997 1109 4069 recitaret.
1134 3996 1221 4068 Illud
1244 3996 1347 4070 etiam
1374 3999 1549 4093 adjtmgit,
1572 3999 1666 4092 quod
1691 3999 1869 4072 acri'adeo
1895 4001 1968 4092 pol·

634 4115 724 4188 lebat
749 4116 875 4208 judicio
900 4119 933 4189 in
959 4141 1163 4210 quacunque
1189 4141 1226 4190 re
1250 4119 1487 4206 aestimanda,
1512 4121 1668 4211 adeoque
1707 4140 1829 4193 teretes
1868 4145 1967 4193 aures

634 4238 803 4323 habebat,
829 4258 868 4309 ut
893 4239 989 4310 multi
1013 4241 1214 4330 scriptorum
1240 4263 1379 4312 suorum
1403 4261 1576 4312 censuram
1603 4241 1707 4313 abeo
1733 4245 1967 4334 requirerent.

541 4405 543 4411 ·
636 4360 747 4433 Testis
773 4382 909 4452 quoque
934 4377 986 4428 est
1010 4357 1297 4447 locupletissimus
1322 4362 1516 4432 Matthaeus
1554 4359 1775 4432 Herculanios
1810 4357 1968 4446 Camers,

637 4479 694 4574 qui
717 4479 787 4570 eius
812 4476 1052 4578 bibliothecam
1077 4476 1292 4570 frequentare
1318 4481 1471 4566 solebat,
1495 4505 1570 4553 cum
1595 4481 1723 4581 aliquid
1762 4501 1820 4554 aut
1859 4481 1969 4552 Grae·
2048 4523 2052 4532 ·
