4372 5842
669 656 739 732 tib
1056 659 1762 736 saonis-x.··''

620 804 707 852 cum
721 776 954 853 transtulisset
977 781 1018 854 ad
1040 783 1216 876 graviora,
1231 785 1350 858 'sacius
1376 783 1580 876 Veronensis
1606 780 1815 876 Episcopus,
1838 779 1949 856 veluti

517 990 520 1003 Ὺ
618 900 730 973 ltrmen
758 900 891 996 aliquod
915 903 1020 978 eluxit
1045 907 1231 979 sandlitatis
1256 912 1290 980 δι
1313 904 1612 980 doctrinae.0un
1637 904 1687 976 illi
1714 905 1943 998 gratularetur

616 1023 792 1095 Sadoletus
819 1079 829 1112 ‚
856 1030 949 1119 quod
973 1030 1045 1122 ejus
1070 1031 1219 1119 impensa
1250 1033 1283 1100 δι
1309 1049 1413 1116 opera
1437 1027 1559 1117 optimi
1582 1027 1766 1116 scriptores
1788 1023 1946 1109 Graeci,

614 1171 758 1238 quorum
783 1151 818 1220 io
843 1151 947 1240 sacris
972 1148 1095 1222 litteris
1119 1149 1379 1240 interpretandis
1405 1150 1538 1243 egregia
1560 1145 1713 1220 dodlrina
1737 1165 1790 1218 est
1814 1152 1848 1219 bt
1874 1167 1944 1216 au-

616 1266 759 1346 dioritas.
780 1325 791 1358 ,
815 1271 1087 1362 imprimerentur
1107 1325 1135 1360 .,
1169 1273 1215 1343 ait
1241 1271 1276 1340 in
1300 1270 1367 1340 hoc
1392 1293 1428 1342 se
1453 1292 1637 1362 agnoscere
1669 1269 1849 1362 pristinum
1872 1265 1945 1358 ejus

614 1393 758 1462 animam
779 1415 982 1487 propensum
1006 1397 1052 1466 ud
1071 1393 1157 1466 lene
1191 1395 1376 1465 merendum
1401 1393 1442 1463 de
1466 1391 1593 1462 ortibus
1626 1391 1759 1486 optimis
1792 1419 1802 1459 a
1834 1385 1946 1459 Multa

614 1531 693 1582 sunt
718 1511 785 1582 alia
808 1512 918 1604 elogia
942 1567 953 1602 ‚
978 1538 1066 1607 quae
1092 1515 1181 1587 docti
1207 1519 1240 1586 bc
1265 1514 1345 1584 boni
1368 1535 1485 1583 omnes
1512 1512 1562 1582 illi
1584 1511 1832 1600 impertirem,
1865 1503 1946 1595 plu·

609 1631 799 1724 rimamque
815 1657 940 1706 auxere
962 1636 1145 1721 beneficia,
1165 1658 1252 1727 quae
1270 1634 1305 1704 in
1325 1633 1417 1704 illum
1434 1635 1499 1702 Leo
1516 1629 1684 1716 contulit,
1700 1627 1855 1701 Clemens
1873 1641 1945 1700 Vll.

610 1753 642 1819 dt
667 1752 790 1824 Paulus
814 1774 872 1835 JJJ.
897 1755 956 1847 qui
979 1757 1127 1848 ejusdem
1155 1755 1425 1827 fruuuosissima
1450 1777 1554 1845 opera
1578 1751 1690 1824 multis
1714 1747 1946 1844 gravissimis-

609 1899 675 1966 que
697 1875 732 1944 in
756 1877 854 1946 rebus
880 1877 933 1945 usi
967 1895 1046 1946 sunt
1073 1925 1081 1946 .
1107 1879 1176 1947 Nec
1200 1875 1350 1967 profeflo
1374 1869 1502 1948 dubito
1529 1877 1642 1966 ,quin
1668 1873 1703 1944 lu
1740 1870 1944 1960 amplissimo

606 1995 641 2065 S.
663 1999 701 2066 li.
727 1998 763 2066 E.
788 1994 1017 2068 cardinalium
1043 1995 1185 2088 collegio
1209 1998 1317 2088 ipsum
1343 1995 1540 2080 locassent,
1564 1994 1630 2064 nisi
1654 1991 1818 2064 natalium
1842 1989 1944 2059 dede·

607 2141 668 2187 cus
693 2117 909 2190 obstitisset.
934 2121 1045 2190 Testis
1073 2138 1125 2190 est
1150 2119 1292 2188 Bembus
1319 2115 1498 2206 plurimum
1523 2139 1664 2214 qnoque
1686 2115 1831 2183 Leonem
1849 2107 1943 2181 adbi-

605 2235 722 2310 buisse
746 2237 812 2308 sibi
837 2235 873 2309 in
900 2238 1081 2308 consilium
1116 2235 1291 2309 Nicolaum
1328 2237 1588 2330 Schenbergium
1627 2236 1765 2305 natione
1796 2233 1942 2300 Saevum

604 2380 626 2430 e
648 2357 923 2430 praedicatorum
948 2356 1074 2428 familia
1083 2403 1096 2438 ,
1119 2382 1220 2450 quem
1246 2383 1334 2429 anno
1360 2375 1489 2432 Moxx.
1530 2356 1837 2445 Archiepiscopatu
1870 2351 1944 2419 Ca·

603 2498 721 2565 puano
741 2477 855 2562 auxit,
879 2460 1051 2550 hominem
1086 2501 1171 2550 sane
1194 2476 1538 2568 rerumpublicarum
1564 2475 1712 2560 notitia,
1746 2469 1943 2544 divinarunt

604 2589 919 2688 degantiorumque
943 2596 1136 2668 litterarum
1170 2597 1324 2670 dodrina
1363 2598 1610 2680 clarissimum,
1646 2599 1682 2666 bc
1712 2587 1857 2662 multum
1880 2587 1944 2658 tri·

603 2711 820 2795 buisse,ve1
847 2737 1029 2811 antequam
1054 2727 1144 2790 esset
1170 2717 1352 2805 Pontifex,
1376 2717 1570 2788 hominibus
1604 2711 1841 2786 Genuensibus
1866 2709 1943 2778 Αι-

554 2893 562 2920 ,
598 2835 741 2926 guetino
763 2835 927 2908 Foliettae
951 2834 1052 2930 (too)
1075 2840 1107 2906 dc
1131 2841 1320 2930 Augustino
1345 2836 1587 2928 Panigarolae,
1611 2835 1778 2926 ingenio,
1815 2829 1940 2902 dodri·

599 2979 647 3029 na
669 2957 701 3024 dt
727 2957 906 3044 prudentia
936 2955 1212 3030 florentissimis.
1238 2962 1283 3028 Ut
1303 2981 1384 3030 vero
1407 2959 1539 3030 audivit
1555 2953 1788 3047 Panigarolam
1808 2953 1844 3020 in
1858 2948 1940 3020 virr-

599 3075 678 3148 sula
702 3076 890 3150 Mediolani
917 3074 1107 3170 conjec'lurn
1129 3100 1228 3163 esse,
1254 3077 1336 3150 nihil
1361 3103 1433 3150 non
1465 3079 1558 3170 egit,
1582 3096 1621 3148 ut
1646 3076 1688 3146 iis
1709 3071 1938 3150 liberaretur,

598 3220 670 3289 pon
694 3199 796 3271 modo
822 3216 861 3270 ut
884 3200 954 3292 ejus
980 3196 1111 3279 saluti,
1136 3199 1214 3270 sed.
1232 3199 1333 3282 etiam
1366 3219 1405 3270 ut
1445 3198 1498 3268 sui
1534 3195 1673 3268 utilitati
1710 3190 1932 3276 consuleret,

599 3317 693 3411 quod
716 3319 860 3390 habebat
884 3319 1019 3410 negotia
1044 3319 1263 3409 gravissima,
1288 3341 1376 3413 quae
1402 3317 1467 3408 ipsi
1505 3317 1656 3390 curanda
1693 3306 1938 3402 tradandaque'

598 3439 760 3512 mandare
775 3439 927 3512 volebat.
946 3440 1083 3512 Minime
1096 3439 1259 3526 defuere,
1282 3441 1340 3532 qui
1362 3438 1396 3509 in
1412 3461 1454 3508 eo
1470 3435 1645 3528 culparent
1660 3436 1829 3514 Leonem,
1848 3429 1941 3523 quod

599 3562 776 3632 nonsatis
800 3557 944 3634 liberalis
970 3559 1156 3636 fuisset'in
1177 3560 1382 3632 decorandis
1411 3561 1472 3646 iis,
1497 3582 1582 3651 quos
1607 3555 1804 3636 nominari,
1827 3552 1935 3624 homi·

598 3675 721 3762 nibus,
745 3704 954 3772 quorumque
979 3681 1152 3775 plerique,
1175 3681 1228 3752 uti
1252 3677 1429 3752 Sadoletus
1455 3701 1531 3750 cum
1564 3700 1630 3748 suo
1665 3674 1795 3768 collega
1833 3673 1933 3744 sen-

595 3798 661 3877 bo,
685 3797 880 3884 Aleauder,
906 3801 1083 3874 Cortesius
1098 3855 1115 3888 ,
1137 3801 1295 3884 Politus,
1320 3799 1563 3890 Schenbergius
1599 3799 1633 3868 in
1670 3797 1936 3885 purpuratorum

595 3919 735 3993 Parrum
759 3921 919 3992 Senatum
943 3945 967 3994 a
988 3920 1108 3994 Paullo
1127 3942 1185 4002 JJJ·
1212 3919 1369 4013 cooptati
1395 3919 1560 3991 fuerunt.
1585 3919 1663 3990 Fuit
1686 3915 1744 3986 hic
1768 3937 1852 3986 sane
1879 3911 1935 3984 se-

593 4041 692 4116 licior
727 4041 763 4112 in
786 4043 979 4136 hujusmodi
1003 4043 1160 4134 praemiis
1184 4043 1398 4127 tribuendis,
1424 4058 1463 4112 ut
1488 4063 1569 4113 vere
1583 4039 1626 4111 de
1646 4061 1689 4110 eo
1706 4037 1938 4130 praedicatum

594 4161 697 4234 fuerit
722 4187 742 4234 a
766 4163 944 4246 Sadoleto,
971 4187 1098 4236 novum
1122 4165 1165 4234 ab
1190 4163 1269 4253 ipso
1292 4163 1538 4244 introductum,
1563 4161 1619 4234 uel
1642 4161 1759 4251 potius
1784 4177 1935 4228 revoca-

593 4299 667 4356 tum
691 4285 878 4374 exemplum
906 4309 949 4356 ex
968 4286 1041 4376 ipso
1068 4309 1162 4357 more
1190 4287 1375 4377 maiouim,
1399 4287 1434 4355 δι
1456 4277 1560 4373 longo
1585 4277 1768 4352 intervallo
1806 4274 1938 4366 repeti-
2027 4321 2031 4328 -

595 4419 686 4484 tum,
710 4421 749 4474 ut
776 4405 810 4476 io
849 4404 1050 4478 mandandis
1088 4406 1277 4478 honoribus
1302 4429 1372 4476 non
1398 4405 1548 4497 gratia,
1571 4403 1631 4473 sed
1666 4400 1808 4472 virtutis
1844 4395 1937 4466 tatio

603 4521 839 4600 tantrrromodo
860 4523 1059 4601 baberetur·
1081 4523 1151 4600 Sed
1171 4527 1294 4600 srrmmi
1314 4525 1338 4594 ii
1365 4527 1454 4610 uiri,
1475 4547 1561 4617 quos
1592 4522 1795 4612 amplissima
1819 4515 1946 4610 dignis
