4386 5838
620 682 685 769 ηε
1011 661 1603 786 trouts'n¹

569 801 718 891 collegae
743 800 838 890 operi
863 803 1136 891 anteponendum
1161 801 1307 876 diceret,
1332 821 1398 888 qua
1423 797 1458 864 in
1483 793 1703 863 contentione
1740 789 1924 879 iudiciuin·

567 923 735 991 l’outilicis
762 922 824 993 fuit
848 975 858 1006 ,
883 919 1085 990 cumulatius
1111 921 1287 989 Accolturn
1315 915 1523 987 satisfecisse
1548 914 1713 983 desiderio
1736 935 1821 1000 ¹suo.
1848 914 1902 976 ln·

562 1056 711 1110 vocatur
737 1043 803 1110 Dei
830 1045 863 1110 bt
887 1041 939 1108 SS.
965 1039 1210 1140 Apostolorum
1237 1041 1324 1108 Petri
1351 1044 1383 1109 bt
1410 1035 1514 1106 Paulli
1539 1032 1744 1123 praesidium
1765 1029 1806 1099 ad
1833 1029 1900 1096 tto·

568 1181 687 1228 manae
714 1159 885 1229 Ecclesiae
931 1179 1083 1228 caussam
1118 1159 1361 1229 defendendam
1401 1157 1562 1224 adversus
1613 1151 1694 1220 novi
1732 1148 1902 1238 Porphirii

567 1279 683 1364 impios
711 1301 877 1365 conatus,
904 1281 1002 1372 hujus
1028 1302 1160 1349 errores
1187 1275 1475 1359 detestabiliores,
1502 1289 1580 1342 xtt.
1611 1293 1720 1362 usque
1744 1266 1898 1338 recitatis

569 1399 766 1484 capitibus,
791 1399 988 1490 singulatim
1012 1417 1253 1468 enumerantur
1288 1401 1323 1468 bt
1362 1396 1584 1476 damnantur,
1625 1391 1713 1460 unde
1746 1385 1898 1458 bauserlt

464 1491 467 1498 Ἰ
567 1515 780 1596 declaratur.
807 1543 916 1609 neque
943 1521 985 1590 iis
1009 1521 1142 1600 modo,
1173 1520 1230 1588 sed
1256 1521 1289 1588 St
1316 1537 1431 1585 ornnes
1455 1514 1498 1594 ii,
1524 1510 1583 1602 qui
1618 1509 1722 1598 ipsius
1756 1525 1899 1576 senten-

567 1636 630 1704 tias
656 1638 790 1704 minime
822 1638 1065 1724 repudiarent,
1092 1635 1365 1706 sceleratissimis
1392 1631 1543 1704 consiliis
1561 1652 1659 1718 opem
1677 1628 1897 1718 praeberent,

567 1761 598 1821 dt
624 1780 822 1846 congressus
847 1757 983 1826 mininie
1009 1757 1187 1832 vitarent,
1213 1756 1295 1826 ditis
1319 1755 1566 1836 devoventur,
1594 1748 1746 1819 flammis
1786 1745 1900 1814 omnia

567 1875 656 1946 illius
683 1868 810 1964 scripta
836 1875 1064 1957 damnantur,
1091 1897 1313 1967 narraturque
1338 1896 1466 1967 quanta
1490 1873 1699 1963 benignitate
1736 1866 1898 1937 lenitate·

568 2017 634 2087 que
660 1997 827 2066 curaverit
853 1994 1008 2066 Pontifex
1023 2013 1196 2064 ¹revocate
1225 1997 1267 2065 ad
1293 1997 1472 2064 sanitatem
1497 1993 1666 2063 hominem
1683 1987 1737 2058 vel
1757 2009 1798 2056 eo
1820 1986 1893 2074 ipso

569 2135 740 2204 tempore,
765 2141 833 2209 quo
857 2117 1001 2205 plurima
1026 2116 1112 2185 ntala
1141 2116 1181 2185 ab
1216 2139 1257 2186 eo
1283 2114 1497 2185 Christianae
1533 2109 1749 2200 Reipublicae
1781 2107 1901 2175 inure·

568 2238 723 2335 bantur,
747 2238 797 2305 sic
822 2255 861 2305 ut
886 2237 1018 2326 siquid
1043 2259 1134 2305 nunc
1161 2254 1418 2326 persequeretur
1444 2233 1583 2318 actius,
1608 2230 1783 2311 dolenter,
1809 2222 1899 2294 invi·

568 2374 623 2436 te,
646 2358 677 2419 ἃ
703 2356 893 2426 necessario
919 2378 955 2424 se
981 2356 1014 2426 id
1039 2355 1150 2426 facere
1176 2355 1324 2427 diceret.
1350 2355 1442 2423 llaec
1469 2351 1552 2420 adeo
1578 2347 1795 2439 perculerunt
1835 2348 1900 2414 Lu·

570 2475 658 2546 theri
683 2475 853 2560 animum,
880 2495 919 2545 ut
942 2499 984 2552 ex
1009 2475 1182 2564 conceptis
1203 2475 1342 2545 maculis
1363 2495 1514 2544 summus
1542 2471 1636 2540 furor
1661 2488 1761 2559 atque
1787 2487 1901 2536 atnett·

570 2595 621 2664 tia
646 2595 996 2666 consecutiefuetint.
1022 2595 1115 2664 Sicut
1140 2619 1159 2664 e
1183 2617 1288 2664 cavea
1311 2593 1364 2664 leo
1391 2598 1540 2673 missus,
1566 2611 1635 2678 aut,
1653 2589 1765 2682 aliqua
1789 2587 1900 2658 detet-

558 2715 655 2784 ·rima
679 2715 790 2786 bellua
816 2715 929 2786 soluta
943 2739 985 2786 ex
1012 2716 1143 2784 catenis
1170 2715 1312 2784 acuebat
1338 2715 1456 2784 dentes
1480 2712 1604 2783 multos
1623 2712 1664 2782 ad
1681 2708 1900 2780 lacerandum

571 2852 674 2925 atque
700 2835 929 2924 perdendum,
954 2833 1149 2926 nullumque
1185 2834 1252 2904 fuit
1283 2833 1406 2923 dogma
1430 2851 1499 2902 tant
1523 2831 1673 2902 §andium
1710 2850 1811 2921 atque
1846 2853 1902 2900 so·

570 2951 697 3037 lemne,
724 2957 817 3045 quod
842 2955 884 3026 ad
909 2955 1058 3025 divinam
1082 2955 1206 3026 Summi
1231 2954 1450 3024 Pontificatus
1476 2951 1662 3043 originem,
1700 2950 1742 3020 ad
1768 2949 1903 3019 Eucha-

573 3074 688 3145 ristiae
714 3078 991 3156 Sacramentum,
1020 3075 1062 3144 ad
1085 3093 1301 3163 peccatorum
1338 3075 1589 3164 expiationem,
1624 3071 1666 3142 ad
1703 3067 1902 3143 sanctorum

574 3193 726 3271 cultum.
751 3203 782 3266 δι
809 3197 850 3266 ad
877 3195 943 3265 alia
965 3196 1157 3284 hujusmodi
1180 3193 1277 3283 plura
1302 3196 1473 3284 pertinet,
1511 3194 1605 3286 quod
1639 3194 1709 3283 ipse
1748 3211 1903 3265 evertere

572 3333 642 3380 non
667 3315 860 3384 studuerit.
887 3314 940 3383 Ad
965 3313 999 3383 id
1025 3315 1150 3383 crebris
1169 3293 1385 3384 concionibus
1410 3314 1590 3397 clamabat,
1614 3337 1684 3383 nott
1709 3315 1810 3384 modo
1836 3314 1906 3386 vit·
1937 3354 1940 3360 ·

572 3449 702 3508 tutem,
731 3435 1002 3518 continentiam,
1029 3434 1292 3504 moderationem
1316 3457 1356 3502 ex
1383 3434 1465 3504 urbe
1488 3435 1596 3503 Roma
1620 3433 1764 3523 pulsa&
1785 3430 1907 3522 fugata

573 3571 668 3633 esse3
693 3550 901 3622 fortunatam
926 3551 1014 3622 illam
1039 3550 1112 3622 fore
1138 3553 1411 3640 Rempublicani,
1436 3576 1524 3644 quae
1563 3575 1639 3622 cum
1680 3551 1738 3624 illa
1774 3552 1909 3622 sentina

574 3666 705 3737 nullum
729 3669 865 3758 amplius
885 3671 1120 3740 commercium
1132 3671 1291 3742 habitura
1305 3693 1394 3743 esset
1407 3700 1417 3756 ς
1440 3675 1473 3740 dt
1488 3673 1632 3762 turpiter
1643 3673 1800 3759 deceptas
1815 3671 1908 3754 omni

581 3807 731 3874 tempore
755 3809 871 3857 omnes
898 3790 1055 3859 nationes
1080 3790 1206 3874 fuisse,
1233 3812 1320 3881 quae
1346 3792 1518 3862 canonicis
1547 3791 1675 3884 legibus
1701 3800 1734 3865 St
1758 3795 1908 3868 Pontifi-

576 3903 636 3973 ciis
662 3904 804 3975 decretis
830 3905 926 3976 fidem
962 3909 1218 3995 praebuissent.
1257 3911 1362 3980 l’udet
1399 3909 1523 3982 referte
1560 3931 1675 3982 cetera
1717 3901 1910 4002 impiissimi

577 4020 722 4092 bominis
753 4023 884 4094 nefaria
908 4027 1014 4108 difla,
1038 4051 1126 4118 quae
1152 4029 1255 4118 magis
1279 4031 1454 4120 magisque
1480 4030 1660 4105 foedabant
1685 4034 1907 4123 quotidianae

577 4139 613 4210 in
638 4143 751 4232 ganeis
778 4133 1125 4232 compotationes,&
1164 4171 1237 4216 curn
1274 4171 1371 4219 sacra
1412 4151 1541 4241 virgine
1568 4153 1730 4243 innuptae
1766 4156 1906 4242 nuptiae

581 4265 624 4334 ad
650 4262 817 4332 libidinem
845 4262 1069 4352 explendam.
1104 4265 1218 4336 ¹Nihilo
1264 4289 1375 4340 tamen
1410 4271 1521 4342 minus
1557 4274 1753 4346 innumeros
1788 4275 1907 4346 babuit

508 4459 511 4467 .
565 4383 778 4473 ,opinionum
806 4405 943 4452 suarum
966 4383 1171 4464 sedlatores,
1199 4395 1230 4458 δι
1258 4388 1409 4460 fautores
1439 4390 1610 4472 eximios,
1637 4394 1721 4466 adeo
1747 4417 1824 4465 sunt
1845 4395 1906 4464 ho·

577 4499 688 4586 mnus
721 4503 764 4576 ad
789 4501 1014 4594 exsolvenda,
1034 4505 1089 4583 vel
1112 4505 1257 4584 laxanda
1281 4507 1455 4602 tel-giuuis
1481 4509 1616 4624 tintula
1640 4515 1817 4606 propensi.
1842 4515 1907 4610 Sed
1932 4509 1936 4516 ’

1779 4632 1861 4715 dunt
