4472 5828
1098 640 1117 665 t

752 691 780 759 V
879 685 892 754 l
990 689 1021 758 Τ
1120 685 1148 762 Α
1565 695 1605 758 21

333 827 539 885 armatorum
565 813 621 898 vi,
648 833 833 904 parumque
859 809 986 892 abfuit,
1014 811 1096 902 quin
1128 811 1267 880 loannes
1293 808 1326 878 in
1352 807 1442 881 virae
1476 805 1666 896 periculum

335 933 583 1020 adduceretur,
608 931 701 1024 quod
717 929 840 1006 ,fratris
865 949 986 1022 rogatu
1009 955 1172 1000 unacum
1196 929 1334 1002 Andrea¹
1351 922 1526 1000 Cambiuio
1546 927 1666 995 tlornus

335 1075 417 1124 suae
449 1049 615 1142 praeseus
641 1054 682 1124 acl
708 1053 851 1122 'Curiam
877 1070 1083 1121 accesserat.
1109 1053 1195 1120 Turn
1223 1075 1365 1142 querens
1390 1052 1508 1120 Petrus
1543 1071 1578 1118 se
1613 1045 1667 1114 dess

335 1159 510 1244 stitutum·
531 1197 635 1257 esse,
683 1171 782 1262 fugae
823 1167 1008 1258 ¹eonsilium
1046 1169 1166 1258 cepit,
1202 1191 1303 1262 arque
1340 1169 1449 1244 deviis
1489 1167 1668 1238 itineribus

336 1293 521 1363 Bononiam
558 1275 655 1383 aegre
684 1293 844 1382 'pervenit
884 1315 951 1359 una
989 1312 1063 1358 cum
1100 1289 1228 1362 Julian'o
1271 1289 1375 1360 fratre
1417 1295 1450 1360 u
1487 1287 1664 1377 perpaucis

331 1411 568 1482 calidissimis
598 1413 836 1484 familiaribus.
873 1411 1016 1482 Coailus
1053 1431 1188 1500 quoque
1222 1409 1324 1480 saluti
1361 1389 1441 1482 suae
1478 1410 1668 1498 prospicere

330 1537 503 1614 loannes,
529 1549 709 1623 postquam
736 1555 756 1602 a
781 1531 964 1601 Marcianis
990 1523 1205 1616 Coenobitis,
1232 1557 1250 1601 a
1275 1509 1396 1622 quibus
1422 1527 1588 1600 occultari
1615 1556 1671 1620 pe·

319 1657 454 1740 eierat,
482 1653 635 1744 repulsus
662 1653 746 1731 fuit,
773 1675 834 1764 pgo
860 1673 1008 1742 purpura
1035 1653 1166 1722 cinereo
1192 1651 1328 1721 cucullo
1368 1627 1668 1748 franciscanorum

332 1775 471 1866 proprio
496 1774 635 1844 indutus
661 1771 701 1842 ad
726 1773 757 1840 S.
782 1770 871 1840 Galli
896 1789 1027 1859 portam
1048 1771 1215 1860 perrexit,
1243 1771 1382 1862 ibique,
1408 1772 1500 1862 quod
1517 1771 1667 1844 nondum

332 1913 404 1962 erat
429 1894 470 1963 ab
495 1892 639 1962 inimicis
665 1910 854 1979 occupata,
893 1913 1079 1960 conscenso
1105 1907 1225 1982 equo,
1249 1915 1348 1983 quem
1374 1915 1447 1961 sors
1474 1890 1668 1978 obtulerat,

329 2034 389 2102 per
413 2015 562 2082 Marinae
589 2011 693 2082 amnis
728 2010 870 2094 vallem,
909 2015 942 2080 bt
974 2001 1096 2081 devios
1136 2010 1305 2096 Apennini
1344 2011 1519 2110 tramites,
1545 2005 1669 2080 ‘Bono-

332 2135 420 2200 niam
447 2135 488 2200 ad
515 2131 635 2202 fratres
669 2111 869 2201 contendit.
894 2133 982 2200 Turn
1009 2130 1121 2225 videre
1147 2127 1243 2198 licuit
1270 2129 1512 2220 ingratissimae
1547 2129 1670 2199 civita·

330 2254 371 2320 tis
398 2253 568 2341 perfidiam
596 2271 699 2342 atque
724 2227 1037 2342 iniquitatem'erga
1063 2249 1248 2334 familiam,
1274 2273 1292 2318 a
1318 2273 1386 2340 qua
1410 2267 1462 2318 tot
1497 2249 1667 2322 beneficiis

328 2393 430 2461 atque
455 2371 665 2440 ornamentis
692 2370 852 2440 decorata
874 2370 1005 2450 fuerat,
1028 2395 1197 2464 quamque
1220 2371 1413 2459 saepissime
1439 2372 1565 2459 patriae
1589 2395 1670 2440 con-

328 2493 546 2561 servatricem
574 2489 825 2580 appellaverat.
851 2493 935 2560 N'am
961 2515 1062 2562 caeca
1090 2512 1191 2582 atque
1229 2492 1349 2562 ardens
1386 2491 1500 2568 furore
1534 2490 1668 2560 Petrum

327 2610 518 2704 fratresque
544 2597 661 2680 hosies
686 2609 895 2695 declaravit,
920 2607 1194 2693 interfefloribus
1220 2635 1338 2682 eorum
1364 2613 1512 2701 praemia
1545 2612 1668 2682 decre-

325 2729 400 2814 vit,
432 2731 656 2819 omnibusque
680 2728 821 2818 publicis
847 2729 1052 2820 privatisque
1079 2727 1162 2828 locis
1189 2731 1330 2822 insignia
1356 2753 1458 2822 atque
1483 2751 1665 2802 oruamen-

329 2850 542 2932 tueretur,
575 2847 718 2918 delevit.
744 2845 833 2946 Quis
858 2849 967 2916 minus
993 2871 1141 2937 unquam
1167 2849 1315 2937 pepercit
1341 2849 1488 2918 hostium
1518 2829 1674 2945 castris,

324 2987 427 3060 quem
451 2967 509 3038 illa
534 2969 693 3054 aedibus,
722 2969 757 3036 in
782 2966 903 3058 quibus
927 2983 1023 3035 erant
1048 2987 1169 3058 magna
1195 2965 1315 3037 caelati
1353 2969 1427 3038 auri
1467 2971 1665 3062 argentique

215 3181 219 3190 Ι
323 3089 401 3169 ris,
433 3085 558 3158 multae
585 3087 715 3177 antiqui
737 3089 845 3176 operis
872 3105 1016 3167 statuae,
1042 3108 1146 3155 aenea
1171 3066 1287 3177 signa,
1314 3088 1463 3158 Graecae
1476 3089 1667 3162 Romanae·
1700 3160 1706 3173 ,

326 3229 393 3298 que
417 3204 681 3296 inscriptiones,
706 3205 834 3304 lapides
859 3229 1073 3298 gemmaeque
1101 3207 1223 3277 affabre
1246 3207 1400 3290 incisae,
1432 3181 1566 3278 tabulae
1602 3207 1665 3277 mi*
1696 3236 1698 3244 ·

250 3359 257 3369 ’
327 3337 401 3396 tuut
422 3324 457 3395 ln
476 3325 619 3395 modurn
643 3323 772 3412 plaiae,
797 3326 1019 3414 manuscripti
1042 3325 1198 3410 codices,
1222 3329 1398 3418 omnisque
1434 3327 1583 3416 pretiosa
1608 3351 1665 3398 su·

326 3440 437 3534 pellex
463 3444 567 3534 regali
591 3465 728 3554 sumptu
755 3465 976 3533 comparata,
1002 3451 1034 3516 br
1061 3443 1213 3534 undique
1233 3445 1453 3536 conquisita?
1477 3449 1575 3556 Quae
1594 3469 1664 3516 om·

325 3561 380 3633 uia
406 3580 466 3634 aut
490 3563 623 3651 direpta
648 3547 789 3654 cupidae
815 3565 921 3656 plebis
948 3564 1111 3636 avaritiae
1137 3577 1333 3649 cesserunt,
1359 3583 1436 3649 aut,
1461 3565 1573 3654 posita
1598 3567 1665 3636 ha-

323 3675 399 3769 sta,
421 3683 600 3772 praeconis
626 3682 772 3773 subistis
796 3685 874 3754 voci
898 3681 1122 3767 licitatoribus
1147 3683 1208 3752 vili
1234 3685 1354 3796 pretio
1373 3681 1504 3796 additia
1542 3685 1663 3760 fuere.

322 3803 489 3874 Βοιιιιι
481 3825 553 3890 tpsa
577 3802 737 3886 loannis,
765 3803 800 3896 in
826 3823 894 3892 qua
917 3801 1071 3874 babitare
1096 3802 1258 3898 solebat,
1280 3789 1435 3916 quaeqtte
1459 3826 1533 3882 erat
1558 3807 1603 3876 acl
1627 3769 1663 3874 S

323 3919 531 4000 Antonii,⁸
518 3925 618 4014 cujus
646 3920 758 4009 templi
783 3923 936 3991 antistes
948 3941 1053 4026 erat,
1078 3947 1148 3994 nou
1173 3913 1284 3993 solunt
1298 3905 1455 4048 'spoliata
1478 3925 1572 3994 omni
1596 3947 1659 3996 sa·

316 4041 483 4132 pelleuile
508 4043 596 4127 fuit,
621 4045 680 4115 'sed
715 4049 863 4118 etiama
897 4043 1125 4144 fundamentis
1171 4045 1241 4117 fere
1274 4069 1418 4134 eversa,
1450 4050 1575 4149 quique
1593 4037 1659 4130 ad

317 4159 421 4232 illius
433 4165 629 4261 custodiam
653 4163 756 4233 relitli
782 4139 939 4244 fuerant,
959 4167 1113 4236 omnibus
1138 4154 1270 4236 orlerati
1293 4167 1423 4258 iniuriis
1449 4169 1551 4274 aegre
1570 4192 1658 4243 ntor

319 4279 365 4348 tis
392 4257 578 4368 periculum
604 4283 784 4351 vitarunt
807 4283 878 4375 Qui
898 4279 1023 4354 'horum
1048 4287 1129 4378 quid
1163 4275 1371 4359 acerbissime
1407 4277 1659 4363 crudelissime-
1714 4265 1717 4270 ¹

317 4415 386 4485 que
412 4398 567 4481 fecisset,
594 4399 622 4468 is
656 4405 687 4470 8(
729 4403 867 4474 vir&
881 4404 964 4474 civis
984 4405 1142 4495 optimus
1175 4381 1384 4477 habebatur.
1419 4387 1553 4479 infinita
1590 4406 1655 4483 alia
1754 4409 1760 4420 ’

314 4533 406 4586 ιιιιιι
416 4515 567 4606 scelera,
593 4520 741 4607 quaein
744 4520 937 4596 Melissos
962 4523 1053 4600 edita
1079 4511 1248 4617 fuerunt,
1243 4507 1303 4598 de
1328 4523 1448 4618 quibus
1468 4540 1585 4600 omues
1600 4523 1654 4598 sic
