4372 5842
621 653 688 718 170
1016 635 1043 703 L
1091 639 1117 708 E
1166 638 1277 730 0er
1326 641 1411 713 ITS
1494 643 1535 709 X.

565 771 660 820 crant
686 751 984 830 qutruria‚tria
1018 779 1194 843 aureorum
1225 782 1362 831 numum
1389 753 1537 844 millia(
1570 735 1663 828 auriit
1697 755 1788 826 hanc
1835 776 1904 844 po·

565 889 636 938 stca
682 869 918 966 liberalitatem
939 875 1001 944 ad
1043 876 1193 970 quinque
1239 903 1346 970 usque
1397 878 1501 950 millia
1538 882 1557 971 )
1593 879 1715 971 exigi,
1764 897 1803 948 ut
1836 875 1908 946 hoc'

568 1011 681 1059 annuo
715 1015 851 1082 sumptu
876 1021 944 1068 non
974 1001 1077 1073 morlo
1110 1004 1297 1088 Pisanum,
1334 1003 1393 1072 sed
1418 1007 1451 1073 bc
1476 997 1711 1072 Florentinum
1750 998 1897 1085 Lyceum

564 1131 664 1180 sunm
698 1115 877 1199 pristinum
913 1118 1015 1188 decus
1046 1142 1303 1212 recuperarent.
1321 1125 1369 1194 Ea
1384 1142 1523 1210 propter
1541 1099 1698 1191 accersiti
1726 1143 1746 1188 a
1772 1135 1900 1187 cuncta

565 1233 662 1302 Italia
679 1235 796 1321 optimi
813 1259 1049 1327 praeceptores
1071 1241 1246 1328 fuerunt,
1271 1248 1304 1312 bt
1331 1259 1367 1312 ν.
1390 1241 1464 1311 Viri
1486 1241 1644 1311 litterarii
1670 1263 1798 1310 summe
1814 1261 1898 1307 con·

568 1353 752 1424 tenderunt
769 1381 786 1426 a
807 1358 985 1451 Pontifice,
1005 1377 1070 1438 ut,
1098 1360 1298 1449 interposita
1323 1363 1538 1434 auctoritate
1552 1387 1614 1433 sua
1631 1415 1642 1446 ,
1671 1385 1690 1432 a
1715 1357 1908 1429 Bononien-

569 1472 663 1544 sibus
696 1475 830 1570 veniam
868 1479 1108 1569 commigrandi
1136 1483 1228 1552 Pisas
1252 1485 1352 1550 Petro
1372 1481 1597 1570 Pomponario
1615 1461 1794 1552 'obtineret
1806 1477 1909 1570 (90).

567 1597 746 1666 Suntalia
777 1597 875 1686 plura
903 1620 1124 1672 monumenta
1153 1653 1162 1687 ,
1201 1624 1244 1670 ex
1279 1600 1402 1692 quibus
1431 1601 1595 1690 cognosci
1623 1619 1755 1690 potest,
1783 1596 1909 1670 facium

572 1717 691 1786 studiis
723 1715 978 1800 Pontificis,ut
1012 1720 1108 1790 multi
1151 1721 1272 1791 summi
1315 1719 1383 1790 viri
1415 1700 1572 1788 Pisanum
1616 1723 1762 1807 Lyceum
1791 1719 1911 1790 ceteris

571 1833 696 1906 Italicis
731 1837 990 1926 anteposuerim
1017 1888 1027 1908 .
1049 1840 1080 1908 ls
1097 1863 1237 1932 quoque
1254 1840 1408 1910 addicere
1429 1841 1629 1911 Florentino
1644 1857 1798 1928 optasset
1814 1837 1910 1907 Chri·

570 1957 772 2046 stophorum
798 1956 1028 2050 Longolium,
1051 1978 1323 2050 curaveratque,
1350 1978 1389 2030 ut
1416 1960 1444 2030 is
1476 1983 1545 2030 non
1573 1958 1684 2029 solum
1721 1959 1764 2028 in
1782 1955 1913 2030 civita·

572 2094 642 2146 tem
668 2077 894 2166 reciperetur,
920 2078 950 2148 si
970 2080 1014 2150 ad
1039 2079 1287 2150 instituendam
1313 2079 1413 2152 bonis
1444 2071 1571 2152 artibus
1600 2083 1810 2173 juventutem
1833 2075 1912 2146 illuc

573 2219 611 2267 se
640 2196 831 2282 conferret,
855 2199 914 2276 sed
939 2197 1041 2274 etiam
1065 2199 1252 2272 mercedem
1277 2218 1507 2271 trecentorum
1535 2220 1712 2271 aureorum
1735 2219 1914 2268 numorum

576 2316 612 2386 in
639 2341 747 2388 annos
779 2317 931 2412 singulos
958 2317 1143 2408 acciperet.
1169 2317 1312 2390 Amabat
1341 2321 1375 2392 in
1400 2318 1515 2409 primis
1540 2319 1710 2390 hominem
1730 2314 1915 2388 Maeliniae

573 2435 611 2508 in
640 2435 752 2508 Gallia
783 2457 924 2524 natum,
958 2438 1072 2512 multis
1106 2438 1248 2527 litteris,
1278 2463 1318 2510 ac
1348 2441 1545 2529 praesertim
1576 2435 1770 2508 mitioribus
1806 2458 1918 2504 orna·

576 2574 677 2641 tum,
704 2558 762 2652 qui
791 2557 922 2653 aliquot
950 2585 1058 2634 anuos
1085 2581 1163 2634 ante
1197 2562 1233 2630 in
1259 2558 1421 2644 ltaliam,
1444 2581 1575 2634 merens
1607 2556 1779 2647 stipendia
1814 2551 1916 2642 Regis

576 2681 652 2765 sui,
670 2701 837 2754 venerat.
860 2683 927 2768 At,
956 2689 994 2753 u't
1019 2680 1165 2754 solutior
1191 2680 1397 2772 liberiorque
1428 2700 1544 2760 esset,
1578 2678 1639 2750 illo
1667 2673 1834 2748 beneficio
1869 2670 1920 2740 uti

575 2801 709 2885 noluit,
731 2826 837 2874 unum
864 2803 930 2874 hoc
959 2821 1058 2895 grato
1093 2803 1205 2874 auimo
1235 2799 1431 2886 extollens,
1457 2801 1551 2894 quod
1575 2797 1760 2870 liberalitas
1795 2791 1920 2864 Ponti·

576 2919 649 2990 licis
684 2919 779 2995 nulla
813 2944 849 2994 se
871 2922 1034 3015 'indigere
1073 2947 1110 2994 re
1133 2923 1290 2994 sinebat.
1323 2923 1450 2993 Verum
1483 2921 1563 3026 dum
1597 2943 1619 2990 a
1655 2915 1798 2997 multis,
1828 2917 1861 2984 bt
1893 2933 1914 2980 a

577 3041 700 3112 Bembo
730 3043 930 3132 praesertim
959 3066 998 3114 ac
1023 3041 1186 3116 Sadoleto
1215 3046 1344 3114 Rornae
1368 3042 1629 3122 honorabatur,
1663 3037 1799 3110 minime
1822 3033 1916 3105 effu-

578 3160 628 3250 git
652 3161 845 3235 invidorum
875 3163 1083 3236 calumnias.
1109 3166 1194 3236 Nam
1225 3164 1338 3236 extitit
1372 3161 1492 3235 Celsus
1531 3159 1714 3246 Melinius,
1739 3156 1820 3252 qui,
1853 3175 1923 3244 pu·

579 3278 667 3352 blice
694 3279 809 3354 habita
841 3282 1022 3365 oratioue,
1045 3283 1102 3354 cui
1124 3283 1282 3354 Pontifex
1307 3264 1378 3375 ipse
1401 3307 1496 3356 aures
1517 3282 1672 3372 praebuit
1689 3275 1926 3365 (carissimum

583 3402 671 3471 enim
701 3401 847 3475 habebat
881 3403 1003 3474 summi
1039 3401 1166 3494 ingenii
1195 3425 1409 3500 summaeque
1445 3401 1693 3496 expectationis
1725 3394 1928 3467 adolescen-

583 3525 782 3617 tem‚cujus
819 3523 1000 3594 immaturo
1026 3523 1167 3594 interitu
1183 3547 1236 3596 res
1264 3527 1454 3611 Romanas,
1479 3521 1688 3592 Latinasnue
1708 3517 1837 3586 litteras
1863 3511 1929 3581 da·

583 3662 700 3710 uinum
731 3639 853 3714 fecisse
888 3645 1065 3738 putavit)
1119 3667 1195 3718 eum
1240 3664 1314 3718 tum
1353 3644 1526 3716 absentem
1555 3635 1796 3731 perduellionis
1827 3653 1923 3704 reum

584 3757 712 3830 faceret
743 3764 923 3858 .Cognita
946 3783 1060 3837 autem
1086 3775 1324 3858 accusatorum
1354 3761 1570 3854 iniquitate,
1596 3779 1673 3829 cum
1698 3753 1803 3826 multa
1824 3755 1920 3848 Lon·

584 3877 698 3971 golius
737 3905 798 3974 pro
832 3884 886 3956 sui
924 3883 1120 3956 defensione
1151 3885 1342 3975 scripsisset
1374 3886 1479 3969 ,Leo
1511 3877 1640 3950 illatam
1672 3875 1830 3968 injuriam
1868 3871 1927 3942 di·

584 3996 732 4089 plomate
779 4005 957 4091 sarcivit,
996 4028 1065 4100 quo
1091 4005 1228 4098 jubebat
1270 4023 1381 4076 ratum
1410 4022 1486 4072 esse
1512 4051 1522 4084 ,
1547 3997 1639 4091 quod
1662 3998 1694 4065 S.
1727 3997 1763 4063 P.
1793 3993 1836 4083 Q.
1880 3983 1952 4062 Rs

583 4118 626 4188 de
664 4119 887 4206 adsciscendo
929 4147 970 4196 eo
1001 4127 1036 4196 itt
1067 4125 1243 4196 civitatem
1269 4143 1371 4197 antea
1387 4121 1615 4201 decreverat,
1638 4116 1764 4207 eique,
1787 4113 1929 4183 ubicun-

585 4257 652 4327 que
682 4258 849 4331 terrarum
888 4264 1005 4327 esset,
1043 4245 1158 4330 solvi,
1193 4242 1287 4338 quod
1319 4241 1363 4316 de.
1392 4239 1525 4328 privato
1556 4236 1686 4307 serariO
1724 4231 1765 4303 ad
1797 4229 1924 4301 tuenda

582 4352 699 4426 studia
729 4359 834 4449 ipsius
875 4341 1110 4470 assignaverat
1133 4389 1210 4461 ,ea
1239 4381 1354 4434 tamen
1384 4357 1584 4430 conditione
1606 4405 1617 4440 ,
1642 4375 1686 4424 ne
1704 4350 1817 4422 sedem
1846 4367 1923 4417 stu·

586 4475 719 4550 diorum
744 4471 823 4550 'alibi
847 4526 860 4566 ,
884 4486 1054 4572 quamiu
1087 4483 1186 4556 ltalia
1214 4535 1228 4571 ,
1253 4501 1397 4574 poneret
1420 4531 1430 4552 .
1454 4480 1508 4552 Ad
1528 4479 1564 4550 id
1590 4479 1625 4550 in
1651 4471 1871 4552 Palatinum,
1896 4471 1932 4540 bt

830 4827 852 4860 ὴ
