4472 5828
779 659 811 726 v
907 659 925 727 1
1019 659 1053 727 Τ
1150 653 1182 726 Α
1577 675 1622 742 υ

336 770 440 847 animi
463 770 693 868 cupiditates,
724 797 826 867 quam
849 775 908 867 qui
931 792 1094 850 sanarent
1118 795 1302 866 corporum
1322 772 1673 868 aegritudines,·orn·

337 897 373 966 ni
397 894 551 968 dodrina
574 900 609 968 δι
632 895 761 970 virtute
785 897 1022 968 ornatissimos
1054 919 1129 968 esse
1164 894 1348 988 cupiebat,
1388 917 1498 988 eaque
1532 912 1671 986 propter
1712 903 1717 911 ‘

335 1015 478 1090 Patauio
502 1017 651 1105 accivit,
675 1021 710 1090 δι
737 1041 869 1090 summo
898 1019 1089 1090 inhonore
1113 1016 1234 1096 babuit
1267 1017 1512 1090 Bernardinum
1551 1019 1675 1109 Spero·

338 1135 433 1210 nium
458 1136 698 1222 Alvatottum,
723 1135 907 1229 plurimum
932 1139 1019 1212 favit
1042 1137 1305 1214 Bartholomaeo
1323 1137 1465 1228 Pisano,
1489 1159 1590 1230 quem
1610 1135 1676 1208 lta·

329 1241 410 1348 ¹beri
434 1259 522 1360 inter
540 1261 760 1355 praecipuos,
795 1261 856 1352 qui
881 1259 1064 1334 salutarem
1090 1280 1198 1333 artem
1223 1263 1447 1344 exercebant,
1469 1263 1542 1352 ipse
1564 1276 1679 1328 testa·

339 1390 395 1445 tus
419 1396 495 1462 est,
512 1379 659 1455 fortunis
683 1381 906 1474 locupletavit
930 1387 1091 1457 iacobum
1116 1386 1337 1467 Brixianum,
1360 1383 1419 1475 qui
1440 1403 1548 1452 manu
1571 1377 1674 1448 etiam

338 1499 541 1574 medicinam
567 1505 750 1593 faciebat,
789 1509 823 1577 sc
856 1529 928 1577 non
965 1531 1083 1598 parurn
1129 1506 1258 1578 tribuit·
1282 1503 1405 1577 Iacobo
1444 1498 1677 1572 Accotombo·

338 1615 420 1706 nio,
440 1623 688 1716 christophoro
713 1625 963 1713 Volaterrano,
991 1627 1211 1720 integerrimo
1240 1631 1272 1698 &
1299 1621 1453 1720 spediato
1479 1623 1582 1704 viro,
1618 1617 1682 1686 Ar·

340 1735 507 1836 changeio
533 1749 628 1819 Tuto
638 1751 804 1835 Senensi,
829 1748 1075 1842 nonnullisque
1101 1747 1198 1834 aliis,
1217 1747 1341 1840 quibus
1364 1745 1571 1820 valetudinis
1594 1763 1679 1814 suae

339 1883 459 1934 curam
484 1866 671 1938 commisit.
692 1870 815 1942 Studia
840 1869 931 1944 iliius
962 1895 1045 1964 erga
1067 1873 1133 1944 hos
1164 1869 1327 1962 aliosque.
1348 1869 1435 1940 berre
1464 1863 1588 1936 multos
1625 1861 1680 1935 di·
1714 1885 1716 1890 ’

339 1981 559 2072 scipiinatum
585 1990 792 2082 magistros,
817 1993 944 2086 quibus
972 2014 1064 2066 certe
1085 1990 1180 2064 nulla
1201 1991 1328 2087 majora
1364 2009 1439 2068 esse
1463 1998 1678 2078 potuerunt,
1722 2011 1726 2016 ·

341 2115 410 2172 tam
433 2125 532 2197 grata
556 2109 598 2180 iis
622 2133 744 2200 erant,
770 2134 808 2188 ut
846 2140 923 2188 cunr
957 2119 1088 2188 Rornae
1124 2111 1311 2204 degerent,
1340 2109 1441 2202 eique
1480 2103 1677 2186 servirem,

339 2219 448 2294 veluti
475 2226 510 2296 in
536 2231 687 2303 Deorum
724 2233 908 2324 concilium
944 2261 980 2309 se
1014 2236 1178 2309 admissos
1208 2255 1284 2308 csse
1316 2229 1428 2325 palam
1463 2225 1680 2307 dimicarent,

339 2361 451 2432 neque
484 2351 680 2437 praedicare
704 2376 906 2442 cessarent,
940 2383 999 2451 per
1026 2380 1106 2430 curn
1132 2355 1287 2444 fadum,
1323 2374 1363 2426 ut
1398 2377 1442 2424 ex
1465 2345 1679 2439 superiorum

340 2473 532 2552 ‘emi’orum
557 2471 702 2564 caligine
730 2477 762 2540 δι
790 2475 937 2551 tenebris
975 2479 1178 2568 disciplinae
1212 2499 1330 2548 omnes
1366 2473 1476 2545 lucem
1514 2465 1707 2576 tespicpre.

341 2584 532 2672 coeperint.
561 2590 638 2678 lpse
663 2595 696 2665 ir
721 2591 903 2666 rationem·
914 2598 1238 2694 institutionemque
1263 2599 1311 2670 rei
1341 2589 1531 2665 litterariae
1556 2587 1594 2660 in
1619 2583 1684 2654 Ar·

340 2701 575 2794 chigymnasio
600 2709 756 2784 Romano
781 2716 1069 2788 administrandae
1096 2717 1337 2808 praescripsit,
1361 2718 1397 2786 in
1421 2732 1492 2805 quo
1518 2726 1684 2778 tannasa-

332 2821 469 2907 pientia
496 2823 581 2916 suit,
609 2851 649 2902 ut
674 2834 716 2904 de
740 2857 777 2905 se
801 2859 882 2907 vere
905 2838 989 2910 ha'ec
1015 2837 1213 2928 praedicare
1242 2834 1394 2924 potuerit
1406 2882 1422 2906 .,
1442 2831 1500 2901 Ad
1520 2843 1681 2902 summum

337 2939 580 3036 Pontificatum
606 2952 723 3025 divina
741 2959 960 3050 prouidentia
984 2979 1062 3030 aum
1097 2957 1259 3052 assumpti
1279 2956 1483 3047 fuissemus,
1522 2943 1682 3018 &resri-

338 3067 421 3136 mais
443 3069 479 3140 in
498 3072 656 3164 pristinis
677 3075 811 3165 paribus
850 3077 977 3150 diiec‘lis
997 3074 1082 3172 filiis
1109 3077 1245 3175 Populo
1269 3077 1452 3158 Romano,
1490 3070 1580 3141 inter
1612 3063 1684 3136 alia

338 3185 485 3281 vectigal
508 3191 683 3285 Gymnasii
708 3193 854 3270 Romani
880 3197 993 3269 maltis
1016 3215 1095 3270 ante
1119 3200 1220 3270 annis
1244 3197 1291 3269 ad
1311 3196 1398 3268 aiios
1436 3213 1520 3265 arus
1551 3189 1683 3262 distra-

340 3305 446 3396 dum,
471 3312 592 3400 eisdem
617 3319 898 3402 restituissemus,
920 3339 960 3394 ut
983 3320 1063 3394 teris
1089 3320 1199 3392 Roma
1228 3323 1275 3392 ira
1299 3322 1335 3390 r'rr
1361 3339 1397 3392 re
1419 3313 1605 3399 macram,
1629 3311 1681 3383 si-

338 3445 397 3501 cut
426 3431 462 3502 in
487 3439 605 3509 ceteris
630 3435 728 3513 rebus
753 3443 856 3515 rarius
880 3442 972 3516 orbis
1001 3461 1106 3542 caput
1129 3459 1235 3532 esser,
1256 3441 1542 3539 procuravimus,
1562 3447 1681 3506 amer·

338 3551 477 3627 sitires
501 3555 644 3629 diversis
674 3556 757 3634 locis
787 3563 834 3634 ed
861 3560 1086 3660 profitendum
1114 3570 1150 3638 in
1185 3565 1369 3662 Gymnasio
1399 3551 1569 3657 praecisio
1593 3547 1681 3622 viris

338 3676 429 3745 amni
453 3677 674 3753 dac’irinamm
697 3705 822 3780 genere
849 3686 1150 3781 praeclarissimis,
1175 3709 1243 3784 quo
1263 3677 1390 3778 sariam
1416 3696 1488 3765 cst,
1515 3691 1556 3747 ut
1576 3693 1681 3769 prac-

336 3799 468 3872 cedenti
491 3825 609 3891 anno,
634 3802 861 3899 Pontificatus
893 3813 1000 3882 nostri
1023 3813 1154 3906 primo,
1182 3807 1262 3878 talis
1287 3803 1492 3878 studentium
1520 3813 1680 3870 numeram

336 3917 687 4001 sacramentalem
712 3925 937 4025 confluxerit,
962 3949 1002 4002 at
1019 3933 1089 4028 jam
1126 3931 1345 4030 Gymnasium
1373 3925 1565 3998 Romanam
1594 3917 1686 3988 inter

335 4041 448 4112 amnia
480 4042 551 4114 alia
587 4049 690 4121 taliam
737 4049 861 4126 Italiae
886 4055 1114 4150 principatum
1152 4053 1279 4146 saciie'
1303 4048 1514 4121 obtentarum
1555 4039 1671 4112 videa·

336 4175 393 4231 Μ
419 4157 533 4252 (28).
558 4167 622 4240 eui
647 4167 684 4242 in
707 4169 967 4258 doetrina‚·cui
995 4174 1031 4245 in
1055 4175 1188 4249 virtute
1213 4194 1319 4269 atque
1349 4155 1562 4276 humanitast<
1590 4161 1679 4231 ΡΨ

333 4283 494 4372 cipienda
521 4285 705 4379 plurimum
738 4317 758 4364 a
793 4295 943 4384 pueritia
981 4296 1091 4368 studii
1126 4295 1240 4368 suerat
1264 4298 1298 4365 dt
1323 4281 1505 4350 ‘Wolff’
1528 4257 1589 4332 ¹¹¹³
1616 4283 1679 4336 ω·

333 4426 411 4476 rare
441 4425 511 4479 tarn
534 4427 670 4500 gratum
706 4434 800 4501 erat,
833 4435 873 4487 nt
896 4439 1017 4490 eorum
1039 4419 1201 4488 omer*
1220 4401 1405 4504 ⁸¹{ccessut
1430 4383 1563 4468 ⁰m¹¹i⁵2
1583 4409 1676 4478 (ΜΒ

336 4511 432 4582 unm
453 4530 600 4602 suffit..
623 4532 668 4578 a..
690 4531 880 4598 trapeam
906 4501 1128 4593 sollicitudo,
1155 4499 1379 4580 consideret.
1401 4505 1455 4577 Ne
1482 4527 1570 4582 vero
1600 4523 1678 4590 tarra
