4386 5838
621 641 683 740 qs·
1012 631 1408 726 rr'our's
1481 646 1521 720 x.

567 777 694 846 versari
719 777 753 848 in
779 775 889 847 animo
922 773 1009 848 illius
1035 775 1198 863 dixisses,
1225 799 1302 846 cum
1333 775 1431 845 rebus
1459 771 1581 844 divinis
1607 795 1742 863 operam
1778 775 1902 852 dabat.

570 891 733 970 Testatur
756 899 869 970 Jovius
895 922 974 971 vere
1000 897 1041 969 de
1073 897 1131 969 illo
1165 896 1290 970 dicium
1325 898 1463 978 videri,
1493 896 1658 968 neminem
1698 901 1922 987 superiorum:

568 1019 767 1091 Pontificum
802 1015 860 1090 illo
897 1021 1074 1113 augustius
1109 995 1144 1086 bt⁴
1175 1017 1351 1091 decentius
1396 1016 1633 1103 sacrificasse,
1673 1019 1907 1111 neminemque

564 1139 683 1234 majori
707 1139 820 1210 studio
847 1163 1069 1230 procurasse,
1094 1161 1132 1211 ut
1157 1140 1377 1212 caerimoniae
1395 1137 1620 1231 &religiones
1643 1135 1797 1227 publicae
1823 1159 1904 1208 san·

563 1250 709 1330 dissime
733 1259 946 1332 colerentur.
975 1259 1116 1333 Videbat
1142 1262 1261 1342 etiam,
1287 1284 1330 1330 ne
1366 1260 1491 1351 quida
1518 1259 1665 1341 ceteris,
1703 1259 1763 1350 qui
1798 1257 1902 1328 sacris

489 1365 497 1386 '
561 1401 766 1467 praeerant,
791 1379 897 1468 fieret,
923 1379 1014 1473 quod
1038 1382 1245 1474 a‘majorum
1269 1365 1435 1452 institutis
1461 1385 1495 1452 δι
1520 1381 1561 1450 ab
1585 1379 1774 1449 antistitum
1793 1379 1908 1470 digui-

561 1489 635 1568 tate
663 1500 879 1586 abhorreret,
906 1503 1010 1591 probe
1052 1525 1198 1573 noscens
1235 1525 1337 1594 quam
1374 1503 1496 1572 sensim
1530 1501 1737 1593 negligentia
1781 1501 1909 1592 inlapsa

561 1606 597 1687 in
628 1619 830 1716 populorum
857 1622 1009 1708 animos,
1033 1623 1130 1694 malis
1154 1625 1277 1694 studiis
1292 1621 1456 1713 malisque
1481 1621 1642 1694 dotlrinis
1684 1639 1818 1712 repente
1846 1609 1911 1690 'to-

564 1743 618 1814 't‘as
639 1741 795 1814 civitates
814 1761 1007 1816 everteret.
1035 1742 1095 1814 Vel
1117 1744 1152 1814 in
1182 1745 1262 1835 ipsis
1288 1745 1394 1815 modis
1420 1744 1587 1827 musicis,
1615 1744 1673 1836 qui
1700 1747 1739 1815 ad
1757 1743 1819 1813 Dei
1834 1741 1909 1813 cul·

563 1877 636 1930 tum
662 1861 931 1951 adhibebantur,
960 1865 1141 1959 jucundam
1164 1865 1342 1956 quamdam
1369 1865 1587 1937 severitatem
1612 1863 1775 1954 probabat
1792 1877 1811 1942 ,“
1837 1881 1902 1932 nec

558 1965 656 2052 sanex
667 1981 821 2069 tulisset,
846 1984 940 2076 quod
964 1979 1057 2056 nunc
1071 1985 1193 2075 passim
1210 1984 1281 2055 fieri
1305 1983 1478 2070 videmus,
1505 2001 1543 2054 ut
1569 2005 1728 2054 cantores
1754 1981 1905 2053 cervices

556 2100 743 2196 oculosque
775 2104 903 2194 pariter
931 2127 1010 2177 cum
1042 2083 1220 2176 modorum
1248 2101 1390 2175 flexibus
1422 2123 1644 2195 torquerent.
1670 2103 1779 2192 Magis
1802 2099 1905 2170 etiam

555 2221 731 2312 magisque
749 2225 918 2312 ¹apparuit
955 2227 1028 2318 ejus
1053 2225 1205 2296 studium
1229 2225 1406 2295 sandioris
1444 2224 1637 2313 disciplinae
1660 2245 1703 2292 ex
1728 2221 1790 2305 ils,
1815 2238 1903 2310 quae

557 2339 705 2412 Concilii
731 2341 886 2412 Patribus
912 2341 1125 2416 decernenda
1140 2345 1343 2434 proposuit,
1377 2371 1521 2438 cumque
1557 2339 1797 2415 intervenisset
1818 2359 1905 2428 que·

554 2443 636 2530 r'elis
665 2463 932 2554 Episcoporum,
965 2489 1052 2558 quas
1087 2468 1254 2574 habebant
1278 2469 1319 2539 de
1343 2466 1599 2551 Cardiualibus,
1642 2463 1735 2556 quod
1774 2457 1811 2529 hi
1842 2475 1900 2527 eos

554 2603 626 2652 non
658 2577 768 2654 solum
793 2583 925 2678 juribus
951 2587 1178 2680 quibusdam,
1203 2589 1261 2662 sed
1286 2592 1386 2663 etiam
1401 2591 1567 2683 dignitate
1583 2586 1653 2658 iere
1677 2581 1903 2674 spoliarevo·

552 2691 693 2785 lebant,
720 2725 841 2780 eorum
866 2710 981 2782 decori
1005 2710 1267 2806 auuorirarique
1293 2709 1491 2783 consuluit.
1518 2713 1567 2780 Ea
1592 2704 1705 2778 auteni
1737 2704 1778 2774 de
1813 2704 1903 2770 Car-

552 2806 759 2924 dinalibus'
750 2829 831 2918 ipsis
857 2835 1041 2907 sancienda
1065 2835 1225 2922 curavit,
1250 2855 1339 2926 quae
1364 2833 1407 2903 ad
1427 2853 1547 2903 eorum
1572 2825 1769 2901 frenandam
1795 2816 1898 2910 ambi·

551 2933 682 3010 tionem
707 2959 812 3036 atque
834 2947 1005 3025 luxuriem
1029 2951 1218 3036 salutaria,
1242 2975 1345 3045 atque
1362 2941 1598 3043 temporibus,
1623 2965 1721 3018 tanta
1738 2959 1811 3014 erat
1826 2959 1902 3007 mo-

551 3075 632 3128 rum
660 3063 875 3156 corruptela,
900 3073 1158 3144 accommodata
1182 3072 1404 3143 videbantur.
1428 3075 1518 3142 Bene
1544 3069 1678 3155 quidem
1705 3087 1745 3134 ac
1771 3059 1900 3146 sapien·

552 3187 608 3249 aer
633 3179 782 3256 Concilii
806 3183 921 3260 Patres
944 3186 1161 3281 judicarunt,
1183 3190 1379 3275 bominum,
1407 3185 1526 3279 quiin
1552 3178 1760 3268 amplissimo
1784 3189 1900 3246 esseut

550 3293 671 3374 ordine
693 3300 882 3392 collocati,
907 3309 980 3383 vita
1004 3310 1161 3406 victuque
1182 3283 1343 3398 mutato,
1368 3329 1481 3380 mores
1507 3301 1630 3375 mutari
1654 3319 1792 3392 quoque
1813 3295 1902 3366 ciui·

549 3429 686 3507 tatum,
711 3425 805 3516 quod
829 3426 943 3500 vitiosi
967 3429 1136 3523 principes
1166 3458 1237 3507 non
1269 3432 1380 3508 solum
1413 3430 1562 3514 obsunt,
1588 3421 1682 3515 quod
1719 3417 1782 3509 ipsi
1817 3435 1903 3484 cor·

547 3554 779 3631 tumpuntur,
804 3545 990 3619 sedetiam
1015 3555 1109 3642 quod
1134 3569 1381 3636 corrumpunt,
1406 3549 1550 3637 plusque
1582 3537 1764 3632 exemplo,
1790 3557 1892 3630 quarn

546 3676 691 3746 peccato
715 3682 869 3736 nocent.
892 3665 955 3740 His
982 3645 1097 3742 autem
1120 3667 1233 3741 verbis
1258 3667 1433 3740 decretum
1460 3665 1585 3738 sadum
1613 3663 1701 3734 suit.
1729 3658 1897 3729 Cardine·

546 3771 599 3850 let
628 3782 718 3858 vitae
740 3785 969 3862 munditiores
992 3791 1153 3864 virtutum
1177 3786 1354 3896 splendore
1384 3787 1512 3860 conciis
1534 3769 1801 3880 praefulgeant.-
1826 3778 1896 3848 sint
1967 3877 1973 3890 1

543 3914 661 3974 omnes
686 3905 831 4002 vigiles,
854 3933 897 3984 ac
920 3911 1047 3988 diuinis
1070 3910 1184 4011 officiis
1210 3915 1450 4021 missurumque
1472 3902 1752 3985 celebrationibus
1777 3900 1894 3972 turea-

542 4005 599 4080 ti:
625 4015 661 4084 in
685 4027 834 4104 domibus
852 4031 1009 4129 familia,
1036 4035 1388 4138 nauseamentis
1414 4037 1484 4109 sint
1505 4031 1685 4106 modestiae
1700 4023 1732 4098 d
1745 4019 1893 4117 frugali·

541 4129 623 4201 “mi
647 4138 844 4228 Speculum
870 4159 1087 4236 ministerium
1120 4166 1311 4238 indecoram
1336 4159 1602 4258 Episcopum,
1641 4143 1893 4220 Praelafflmm'

543 4271 610 4344 lue
634 4273 670 4328 Μ
694 4257 841 4356 domibus
866 4291 935 4343 non
961 4274 1126 4366 labeant,
1152 4288 1213 4353 sed
1227 4309 1282 4358 eos
1299 4280 1482 4377 honorifice
1502 4295 1540 4351 ut
1558 4277 1707 4370 fratres,
1734 4289 1774 4339 αθ
1796 4269 1894 4356 lm

542 4365 658 4447 eonem
682 4396 804 4457 statum
829 4409 870 4462 oc
894 4394 1088 4488 dignitatem
1115 4386 1274 4470 tradent.
1300 4393 1358 4468 Ne
1379 4398 1493 4490 partia
1496 4395 1617 4463 litatem
1643 4383 1858 4572 susceptum!
1857 4399 1894 4447 a·

528 4485 663 4604 „liquam
677 4521 785 4602 raeque
799 4507 1032 4611 Praeceptum
1044 4533 1105 4591 aut
1118 4521 1419 4605 communitatum
1438 4513 1496 4590 vel
1516 4499 1895 4610 quoranuumquealt'o·
