4386 5838
763 671 794 738 V
890 673 904 742 1
1002 671 1034 743 T
1130 667 1161 740 Α
1540 681 1606 758 133

329 791 510 864 retiatores
536 812 675 885 propter
699 787 821 864 samam
845 793 969 886 ingenii
995 798 1028 864 s<
1052 789 1252 877 dodrinae,
1277 813 1374 884 quam
1399 812 1468 860 non
1504 811 1523 858 a
1558 785 1655 856 tutu

328 917 432 986 lentis
456 915 767 999 Scholasticorum,
792 916 850 986 sed
876 939 895 984 a
921 913 1108 1002 purissimis
1134 913 1326 984 divinorum
1351 914 1554 1000 Scriptorum
1581 907 1655 976 fon·

330 1035 420 1106 tibus
446 1059 482 1106 se
507 1038 659 1108 hausisse
682 1035 906 1126 gloriabatur.
934 1039 1020 1106 llinc
1046 1035 1180 1105 animus
1216 1033 1265 1102 illi
1305 1034 1437 1102 additus
1471 1033 1514 1102 ad
1546 1032 1658 1100 vehe·
1693 1039 1695 1044 '

330 1157 474 1226 mentius
499 1157 553 1228 vel
578 1160 612 1228 in
649 1158 730 1247 ipsis
768 1155 900 1247 templis
938 1155 1152 1227 insedandos
1185 1155 1472 1246 Indulgentiarum
1507 1151 1660 1222 audores

333 1277 693 1369 promulgatoresque,
720 1301 828 1366 neque
853 1279 920 1345 hoc
948 1294 1128 1347 contentus
1150 1277 1184 1345 in
1210 1274 1331 1366 vulgus
1349 1275 1453 1342 edidit
1471 1287 1661 1342 lxxxxv,

331 1419 438 1490 usque
463 1401 601 1482 theses,
622 1399 743 1490 quibus
768 1421 884 1469 omnes
910 1421 987 1468 suas
1013 1399 1077 1467 hac
1100 1399 1142 1468 de
1167 1421 1202 1468 re
1238 1395 1425 1466 sententias
1466 1393 1661 1483 complexus
1751 1426 1755 1433 ·

332 1535 405 1602 est,
429 1519 610 1609 quamlibet
632 1519 884 1590 dimicationem
910 1541 946 1586 se
970 1517 1154 1588 subiturum
1179 1518 1338 1607 profitens
1365 1515 1408 1586 ad
1425 1515 1556 1586 easdem
1576 1537 1664 1604 pro-

333 1640 552 1726 pugnandas.
578 1640 769 1724 Tetzelius,
803 1645 849 1710 lo.
875 1638 1022 1716 Echius,
1048 1661 1087 1708 ac
1114 1639 1309 1727 praesertim
1346 1633 1506 1706 Silvester
1533 1635 1663 1708 l'rieras

331 1757 522 1845 Apostolici
548 1758 689 1842 l’alatii,
716 1780 753 1830 ut
776 1779 925 1838 vocant,
950 1761 1109 1856 Magister
1125 1761 1209 1850 (59)
1226 1777 1377 1830 caussam
1404 1755 1546 1826 Romani
1568 1759 1662 1824 Pon·

333 1876 432 1948 tilicis
456 1877 699 1950 defendendam
722 1901 962 1970 susceperunt,
993 1881 1052 1951 sed
1084 1905 1153 1950 non
1179 1877 1317 1950 valuere
1343 1902 1456 1950 eorum
1481 1875 1666 1946 scholasti·
1764 1945 1767 1952 ,

335 2019 394 2079 tae
416 1998 666 2088 disputationes
691 2003 817 2071 semina
843 2023 994 2071 errorum
1019 2022 1088 2068 non
1113 2003 1147 2069 in
1170 2000 1316 2068 Saxonia
1340 1975 1460 2078 modo,
1486 1997 1600 2068 sed&
1630 1997 1665 2064 in

334 2113 411 2186 aliis
436 2121 633 2204 Germaniae
659 2121 842 2208 provinciis
869 2141 983 2209 sparsa
1010 2120 1234 2211 extinguere.
1275 2120 1434 2188 Homines
1470 2117 1560 2186 enirn
1595 2115 1665 2186 suis

335 2239 512 2307 sententiis
539 2238 680 2310 idoneos
706 2241 851 2331 undique
872 2239 1016 2330 eligebat
1043 2239 1229 2318 lutherus,
1255 2261 1395 2327 cumque
1424 2262 1444 2306 a
1470 2236 1666 2327 Wolffango

333 2357 487 2440 Palatino
523 2359 776 2448 Heidelbergam
814 2378 958 2430 vocatus
997 2360 1154 2438 fuisset,
1189 2375 1226 2427 ut
1261 2379 1337 2428 curn
1379 2355 1546 2447 theologis
1581 2355 1669 2426 illius

334 2477 535 2548 Academiae
569 2475 799 2567 disceptaret,
840 2477 951 2566 plures
995 2478 1029 2548 in
1066 2497 1178 2567 partes
1214 2499 1292 2547 suas
1327 2476 1451 2545 traxit.
1483 2476 1670 2547 Adhibebat

335 2597 506 2690 quoddam
529 2619 633 2686 genus
657 2595 811 2666 licentiae
834 2597 1050 2680 indicendo,
1077 2598 1169 2688 quod
1195 2599 1399 2668 astutissima
1424 2599 1555 2667 ratione
1581 2618 1671 2672 corn·

335 2737 493 2808 paratur,
520 2738 596 2786 cum
630 2736 687 2786 aut
712 2715 760 2784 ita
784 2715 998 2806 objurgamus
1024 2739 1101 2788 eos.
1129 2719 1185 2810 qui
1211 2721 1376 2796 audiunt,
1401 2717 1571 2806 quomodo
1599 2715 1664 2804 ipsi

336 2858 374 2906 se
399 2836 538 2924 cupiunt
563 2835 752 2926 objurgari,
778 2853 835 2902 aut
861 2834 915 2916 id,
942 2836 1034 2926 quod
1058 2836 1183 2906 scimus
1210 2836 1309 2908 facile
1334 2859 1451 2908 omnes
1472 2837 1673 2924 audituros3

336 2953 481 3026 dicimus
504 2979 573 3024 non
596 2955 715 3034 timere
741 2977 802 3024 nos
847 2955 1017 3046 quomodo
1051 2958 1242 3044 accipiant,
1277 2957 1335 3026 sed
1371 2977 1482 3028 tamen
1522 2956 1667 3028 veritate

337 3075 563 3160 commoveri,
578 3094 617 3144 ut
634 3074 740 3144 nihilo
766 3076 873 3146 secius
899 3075 1048 3145 dicamus
1064 3123 1073 3142 .
1098 3075 1232 3146 Minime
1247 3076 1274 3144 is
1290 3099 1445 3146 recusare
1461 3078 1669 3171 affirmabat,

338 3193 421 3284 quin
445 3192 488 3262 de
515 3194 554 3262 iis
578 3194 702 3277 rebus,
727 3217 813 3286 quae
837 3196 871 3264 in
895 3194 1161 3264 controversiam
1186 3191 1419 3276 vocabantur,
1455 3218 1475 3265 a
1509 3193 1668 3288 legitimis

336 3312 503 3407 judicibus
525 3311 696 3410 ¹sententia
722 3310 886 3386 ferretur,
911 3318 943 3382 δι
971 3311 1127 3384 simulata
1153 3315 1346 3386 obedientia
1370 3315 1473 3403 ipsius
1499 3316 1673 3386 Pontificio

305 3431 483 3520 ,Rotnani
507 3419 665 3524 judicium
690 3453 726 3500 se
752 3432 889 3502 minime
913 3432 1137 3503 detradlurum
1176 3435 1256 3504 satis
1299 3457 1413 3525 aperte
1455 3436 1508 3532 his
1550 3438 1663 3511 verbis
1764 3493 1770 3503 .

337 3547 550 3625 declaravit.
577 3549 777 3621 Beatissimo
801 3550 931 3634 Pater,
952 3571 1155 3646 prostratum
1182 3576 1231 3624 me
1251 3557 1392 3650 pedibus
1418 3574 1495 3629 tuae
1521 3559 1674 3654 Beatiru·

338 3667 427 3738 dinis
451 3663 551 3762 offatm
575 3689 649 3739 cum
673 3669 847 3750 omnibus,
871 3695 956 3769 quoe
990 3697 1061 3746 sum
1099 3668 1144 3744 δι’
1168 3676 1290 3748 habeo:
1329 3674 1488 3768 vivifico,
1522 3682 1666 3767 occide,

339 3809 482 3872 revoca,
507 3787 677 3884 approba,
703 3787 868 3881 reproba,
894 3809 933 3862 ut
953 3793 1136 3875 placuerit,
1161 3820 1273 3870 vocem
1298 3817 1387 3870 tuum
1411 3823 1523 3871 nocem
1550 3801 1673 3871 Christi
1697 3787 1732 3800 *²

337 3911 375 3978 t'n
401 3925 432 3980 te
451 3908 676 4002 praesidentis
702 3906 733 3980 dr
759 3907 924 4006 loquentis
962 3937 1163 4010 agnoscam
1199 3919 1228 3992 sr'
1265 3939 1394 3990 mortem
1432 3923 1555 3998 merui,
1593 3924 1673 3992 mori

339 4048 407 4096 nott
433 4025 591 4098 recusabo
616 4077 625 4096 .
649 4077 658 4095 .
684 4078 694 4096 .
719 4079 728 4098 .
754 4031 930 4102 protestor
953 4057 1003 4105 me
1019 4057 1158 4128 prorsus
1183 4037 1272 4108 nihil
1305 4045 1434 4116 dicere,
1469 4058 1527 4109 our
1561 4056 1674 4113 tenere

339 4145 453 4224 velle,
478 4148 543 4216 nt'si
568 4145 709 4241 quod&
734 4172 776 4220 etr
798 4154 903 4222 socrt's
923 4152 1064 4234 litteris,
1090 4159 1210 4228 deinde
1234 4157 1465 4230 ecclesiasticis
1492 4158 1671 4251 Patribus,

340 4289 380 4338 ac
404 4267 620 4340 decretalibus
646 4268 838 4357 Pontificiis
862 4273 1022 4357 hahetur,
1055 4272 1087 4346 ὁ
1125 4275 1243 4347 haberi
1275 4279 1409 4370 potest.
1441 4283 1503 4352 llis
1537 4282 1669 4372 quidem

338 4388 436 4460 diuis
463 4407 596 4477 captare
622 4414 658 4460 se
684 4412 782 4479 posse
807 4389 1077 4462 benevolentiam
1103 4394 1299 4474 hominum,
1334 4403 1366 4469 ὃ(
1411 4425 1430 4470 a
1463 4424 1499 4471 se
1534 4424 1669 4474 omnem

339 4510 494 4582 turbatae
523 4507 780 4613 tranquillitatis
821 4509 953 4602 culpam
988 4513 1183 4604 propulsare
1218 4521 1395 4606 sperabat,
1428 4522 1487 4594 sed
1526 4525 1667 4594 mutauit
