4386 5838
642 626 714 724 ἰςο
1032 635 1424 706 taortrs
1496 631 1535 704 ι.

598 777 718 838 casus,
746 753 819 843 ipsa
845 751 991 824 fortasse
1019 757 1063 824 rei
1084 758 1300 846 magnitudo,
1326 762 1359 828 ὃι
1393 757 1564 828 discordes
1588 753 1642 828 vel
1683 755 1832 838 invidia,
1869 755 1926 849 vel

597 875 781 945 ambitione
807 877 935 966 Regum
965 873 1160 946 voluntates
1201 883 1270 967 ejus
1310 879 1424 948 studia
1463 899 1563 970 atque
1597 899 1673 966 spes
1714 874 1928 946 fefellerunt.

595 998 811 1093 Quapropter
838 1019 912 1066 curn
939 997 1092 1068 nuntium
1118 998 1250 1084 accepit
1275 996 1430 1088 Selimum
1456 1023 1499 1068 erc
1537 999 1603 1096 irae
1636 999 1708 1069 vita
1742 996 1932 1106 migrasse,

592 1141 629 1202 ιι
592 1121 730 1201 rDeo
757 1118 887 1216 optimo
913 1117 1059 1190 maximo
1083 1117 1206 1208 gratias
1226 1141 1322 1218 agere
1339 1115 1511 1214 professus
1537 1135 1609 1200 est,
1634 1117 1726 1210 quod
1750 1140 1806 1198 se,
1823 1137 1930 1205 popu·

595 1236 732 1357 lemque
762 1237 1019 1338 Chrispiapunr,
1042 1236 1264 1329 &ltaliam
1257 1261 1363 1336 rpsant
1388 1237 1535 1322 maximo
1561 1235 1735 1333 periculo,
1773 1237 1937 1332 maximo·

595 1381 697 1462 que
689 1360 808 1458 timore
833 1357 1011 1458 liberasset
1035 1357 1320 1456 epporprnissimo
1336 1381 1416 1430 sane
1433 1377 1629 1460 ternpore,
1624 1381 1697 1430 cum
1715 1355 1802 1428 nibil
1822 1357 1933 1426 odlrue

572 1481 653 1580 ΙιιιιΙ
691 1479 849 1584 Reges
839 1501 874 1546 m
906 1497 1106 1578 communem
1131 1478 1179 1550 uti
1182 1475 1304 1574 litatem
1330 1495 1468 1590 praeter
1486 1502 1577 1573 spem
1610 1477 1933 1583 pollicitationesqtte

591 1599 839 1705 perpendissent
875 1567 1002 1696 Ηοιιιιι
1044 1563 1341 1704 aemulationes(
1359 1599 1588 1689 cupiditates,
1613 1605 1667 1683 bt,
1702 1621 1788 1696 quae
1813 1617 1932 1692 postea

596 1738 780 1817 consecuta
806 1737 907 1789 sunt
927 1715 1014 1798 bella
1030 1717 1238 1806 impedivere
1252 1737 1375 1805 ettam
1401 1743 1444 1817 ne
1466 1718 1637 1817 decretum
1662 1717 1764 1822 illud,
1784 1716 1902 1825 quod'
1894 1741 1930 1820 ιιι

596 1836 742 1943 concilio
766 1837 1031 1946 vormatiensi
1023 1843 1257 1948 interpositum
1282 1840 1324 1909 de
1353 1813 1501 1910 luthero
1538 1836 1670 1918 suerat,
1709 1831 1928 1942 servaretur,

597 1979 640 2038 ex
666 1978 734 2046 quo
760 1941 881 2056 magna
907 1937 1015 2028 rerum
1042 1961 1246 2049 perturbatio
1270 1959 1357 2030 sada
1382 1979 1452 2044 est,
1479 1981 1555 2030 curn
1594 1957 1642 2028 illi
1678 1955 1832 2026 licuisset
1864 1979 1929 2027 suo

595 2101 690 2182 more
712 2080 746 2170 in
772 2076 888 2146 lustris
915 2079 982 2144 &
973 2101 1008 2148 tn
1035 2082 1114 2151 vino
1141 2103 1291 2151 errorum
1316 2097 1468 2166 monstra
1489 2055 1705 2155 vomere,st
1733 2053 1892 2187 plures
1862 2101 1929 2148 crr-

593 2219 668 2308 eum
692 2219 728 2308 se
752 2199 875 2268 habere
915 2223 994 2270 suae
1019 2181 1198 2280 haereseos
1236 2221 1478 2309 propagatores
1504 2197 1793 2300 ardentissimos,
1828 2181 1927 2304 Quae

590 2301 755 2421 quantum
776 2343 963 2427 moerorem
989 2321 1165 2400 attulerint
1188 2319 1365 2422 Pontifici,
1392 2342 1433 2394 ex
1475 2319 1547 2428 ejus
1587 2317 1631 2416 ad
1671 2319 1815 2426 Legatos
1841 2337 1923 2386 suos

583 2419 704 2546 litteris
730 2438 871 2532 intelligi
896 2461 1031 2530 potest,
1056 2441 1161 2538 Poito
1186 2437 1404 2551 conflagrare
1429 2457 1695 2516 terrastrecesse
1719 2457 1822 2518 erat,
1847 2463 1923 2508 ma-

583 2529 681 2657 'qima
702 2559 839 2650 imperia
865 2545 1057 2652 gerentibus
1091 2563 1270 2640 Francisco
1295 2568 1328 2633 δι
1368 2558 1513 2648 carolo,
1549 2581 1692 2650 quorum
1735 2580 1845 2628 mores
1881 2557 1925 2630 ad

583 2643 799 2754 ambitionem
826 2680 910 2758 adeo
938 2667 1201 2792 incumbebant,
1224 2701 1263 2760 ut
1292 2681 1385 2760 nulla
1409 2705 1445 2760 re
1471 2681 1592 2756 satiari
1618 2703 1717 2768 posse
1757 2679 1922 2784 videren-

583 2781 660 2909 ιιι.
684 2800 776 2870 Haec
814 2801 953 2878 videbat
989 2805 1078 2884 Leo,
1105 2808 1137 2872 br
1163 2803 1230 2883 hoe
1257 2803 1455 2918 Pontificis‚
1490 2800 1745 2913 communisque
1788 2798 1921 2888 patris,

583 2892 619 2987 οδι
645 2915 763 2990 Italici
773 2921 933 3044 Prineipis
957 2923 1130 3012 proprium
1154 2927 1300 3030 officium
1327 2947 1366 3002 ac
1403 2947 1524 3032 urunus
1560 2947 1635 2996 esse
1674 2923 1920 3014 existimabat,

581 3034 742 3142 ardentes
767 3037 901 3140 spiritus
925 3064 1161 3142 compescere,
1152 3047 1380 3182 ,prospicere
1406 3043 1560 3150 publicae
1585 3040 1852 3160 tranquillitati,
1887 3040 1920 3114 bt

581 3129 681 3292 {llud
692 3138 920 3253 aequilibrium
940 3157 999 3246 (si
1031 3162 1098 3240 hoc
1121 3165 1225 3254 verbo
1250 3165 1299 3286 ιιι1
1323 3165 1430 3256 licet)
1454 3187 1613 3262 servare,
1639 3162 1733 3256 quod
1759 3179 1809 3258 tot
1835 3183 1918 3254 cott-

498 3289 503 3296 '
583 3277 698 3376 silla,
745 3293 819 3354 tot'
837 3274 1012 3373 foedera,
1057 3303 1107 3363 tot
1152 3267 1279 3373 bella,
1304 3305 1356 3370 tot
1385 3307 1490 3384 paces
1535 3283 1651 3360 ltaliae
1689 3299 1919 3372 pepererant.

579 3397 643 3500 llel
669 3425 712 3472 ex
736 3427 777 3473 eo
802 3423 971 3510 tempore,
997 3430 1064 3510 qun
1085 3406 1228 3496 Carolus
1254 3403 1296 3482 acl
1323 3405 1467 3518 Rotnani
1490 3405 1624 3497 Imperii
1646 3401 1782 3511 clavum
1799 3400 1916 3494 sedere

582 3521 720 3610 coepit,
735 3506 944 3612 praevidens
970 3529 1036 3597 leo
1060 3525 1278 3632 Franciseunr
1303 3547 1372 3600 non
1412 3524 1723 3626 praetermissurnn
1758 3521 1916 3616 occasio·

501 3732 508 3740 ¹
585 3663 661 3712 nem
687 3642 901 3720 ulciscendae
923 3643 1092 3744 repulsae
1125 3646 1159 3722 in
1183 3669 1256 3722 eant
1280 3663 1424 3742 mentem
1450 3661 1613 3721 venerat.
1640 3643 1759 3736 quibus
1780 3653 1914 3728 poterat
1975 3651 1977 3654 ’

583 3760 716 3856 modis,
742 3763 919 3842 deliniendi
946 3763 1153 3869 aemulorum
1180 3765 1334 3846 animos,
1369 3763 1560 3886 nullamque
1597 3759 1828 3865 inclinationis
1853 3777 1916 3826 vo·

582 3879 725 3964 luntatis
749 3884 972 3982 suspicionem
1007 3885 1049 3956 iis
1091 3883 1294 3992 praebendi,
1333 3905 1402 3978 qno
1440 3883 1491 3958 sa:
1495 3881 1571 3960 ilius
1607 3903 1725 3990 eoratn
1740 3848 1912 3992 querelis

583 4006 778 4110 pacificator
803 4007 833 4068 dt
860 4003 1017 4112 arbiter
1008 4005 1249 4113 rnterveniret,
1272 3987 1354 4098 Erat
1381 4003 1556 4112 idingenii
1578 4001 1657 4104 sni,
1682 4023 1757 4074 cum
1784 4019 1914 4088 sempet

583 4126 696 4238 animo
722 4127 770 4196 sic
796 4126 1000 4208 excubaret,
1025 4145 1063 4195 ut
1087 4147 1240 4204 neutram
1264 4125 1299 4239 in
1324 4140 1453 4212 partem
1479 4121 1672 4228 incumbere
1715 4118 1912 4206 videretur,

585 4233 708 4347 quo
680 4243 736 4338 vel
761 4229 962 4360 praesidium
985 4241 1112 4320 labenti
1139 4243 1267 4345 ferret,
1277 4240 1347 4319 vel
1375 4215 1553 4354 utilitatem
1569 4265 1612 4338 err
1638 4236 1773 4314 vidrice
1797 4261 1914 4336 repor-

581 4387 698 4471 patetr
722 4383 796 4472 erat
808 4351 1017 4468 dignitatis,
1042 4387 1084 4436 ne
1107 4363 1196 4434 tanti
1221 4365 1390 4453 possessio
1415 4361 1541 4452 imperii
1565 4362 1610 4457 ad
1625 4339 1839 4448 Reipublicae
1854 4355 1913 4448 de·

582 4459 849 4607 pinsatum
803 4510 823 4564 a
846 4487 921 4606 Deo
947 4484 1009 4607 sibi
1032 4485 1114 4608 data
1136 4483 1333 4606 rideretur
1355 4483 1529 4618 Quantam
1554 4471 1679 4604 habent
1704 4477 1911 4607 declaratq-
