4392 5838
1543 730 1615 806 toa

411 829 519 908 gelra.
547 829 675 910 plurilus
706 828 909 893 declaravimus
938 827 965 890 1.
996 825 1028 892 in
1058 823 1200 893 solamine
1233 823 1383 895 Historiae
1398 825 1584 894 ‘Academiae
1613 831 1667 895 Pi·

413 955 499 996 sanae
514 956 532 996 .·

332 1033 420 1116 (ros)
446 1038 517 1098 Vide
537 1037 688 1100 Hermolai
710 1037 835 1098 Barbari
856 1034 889 1096 in
916 1031 1117 1118 castigationes
1146 1033 1291 1096 Plinianas
1319 1039 1358 1098 ol
1385 1037 1581 1101 Alexandrum
1619 1039 1672 1101 Vl.

415 1139 629 1216 Praefationsnt
646 1179 655 1198 .
1036 1148 1042 1158 '

336 1237 420 1322 (ros)
443 1243 493 1302 De
512 1242 564 1304 iar
580 1263 608 1304 re
628 1256 688 1301 tota
708 1243 772 1302 uide
796 1239 1008 1301 lirsloscltiuns
1030 1222 1123 1301 Storia
1143 1239 1218 1302 della
1239 1243 1415 1304 Lettetttusa
1436 1243 1556 1308 italiana
1584 1232 1673 1306 Toss.

418 1345 487 1404 vlt.
509 1345 572 1405 Pas.
594 1346 617 1404 l.
637 1363 701 1426 pag.
721 1362 792 1418 ²95·
812 1344 876 1420 Ipse
897 1331 932 1406 ὀ·
952 1340 1090 1404 Alberrus
1111 1363 1188 1405 rasus
1214 1367 1278 1406 suos
1299 1361 1410 1415 narrat,
1442 1341 1480 1408 ὁ·
1506 1362 1574 1424 quot
1603 1367 1668 1422 per-

414 1467 512 1525 pessus
531 1449 575 1508 sit
594 1447 771 1508 calamitates
792 1445 894 1506 Leonis
914 1465 1014 1506 caussa
1036 1447 1067 1506 in
1087 1449 1210 1526 epistole
1230 1451 1271 1510 ad
1298 1446 1480 1510 Martiarum
1508 1447 1671 1509 Gibertum:

416 1541 539 1608 Lettese'
551 1547 593 1609 de'
604 1549 732 1632 Principi
752 1571 771 1609 o
793 1550 820 1610 ι’
835 1547 989 1630 Principi.
1031 1594 1034 1600 .

302 1717 304 1723 ,
345 1649 437 1729 (sos)
458 1652 563 1715 Leonis
582 1654 694 1714 litterae
713 1657 752 1713 ad
778 1653 936 1731 Agrippam
957 1665 1058 1712 extant
1077 1652 1107 1711 in
1132 1651 1215 1713 illius
1248 1652 1395 1730 operilus.
1428 1655 1466 1713 al
1493 1653 1673 1716 Martianum

426 1775 491 1816 sero
511 1772 610 1816 extant
630 1758 661 1817 in
681 1756 809 1832 epistolis
825 1754 959 1815 Saloleti
980 1755 1125 1835 Pontificis
1155 1759 1267 1817 nomine
1286 1757 1419 1832 scriptis.
1439 1757 1500 1818 His
1528 1759 1668 1834 impulsa·

414 1859 486 1919 tium
507 1879 602 1920 eornm
625 1863 764 1939 castigat,
785 1862 834 1938 qui
853 1873 923 1928 aar,
949 1878 1011 1918 sunt
1028 1877 1119 1936 paruo
1146 1859 1302 1928 nescirent,
1329 1877 1433 1937 magno
1455 1858 1672 1938 profiterentur,

423 1971 475 2022 s'ttt
495 1983 546 2031 ea,
566 1983 637 2041 quae
656 1966 783 2047 martimo
803 1977 894 2023 essent
912 1962 943 2020 in
961 1981 989 2020 re
1007 1959 1166 2029 catholica,
1188 1963 1309 2023 traliore
1328 1964 1474 2030 auderent.
1494 1983 1553 2024 atam
1574 1983 1610 2024 ea
1628 1983 1674 2024 ne·

418 2067 544 2135 scirent,
566 2085 759 2142 nunquamque
778 2065 939 2125 didicissent
954 2103 962 2121 .
989 2064 1091 2123 Varios
1111 2081 1223 2134 mores,
1244 2067 1354 2126 sariam
1370 2064 1538 2141 fortunam,
1556 2086 1609 2126 non
1625 2060 1685 2127 te?

412 2187 447 2228 ne
461 2167 559 2246 firmas
579 2170 616 2240 de
637 2168 740 2228 livinis
763 2167 839 2227 rebus
861 2167 1007 2243 opiniones
1027 2177 1091 2226 tum
1105 2165 1265 2244 Agrippae,
1287 2181 1345 2228 turn
1367 2169 1500 2228 lleuclini
1518 2168 1601 2229 multi
1626 2187 1671 2228 sa·

414 2292 450 2334 ne
467 2273 603 2349 persecuti
625 2284 690 2330 suat
707 2307 716 2326 .
735 2269 925 2344 Reprehendit
946 2255 1088 2330 Marerius
1108 2271 1247 2340 lovium,
1267 2274 1342 2347 quot
1362 2273 1395 2331 de
1416 2271 1470 2330 illo
1486 2274 1583 2348 priore
1616 2272 1673 2332 ini·

413 2377 497 2452 qaius
517 2375 683 2451 aliquidne
704 2374 795 2432 minus
815 2391 879 2433 nere
899 2375 1040 2451 scripserit
1059 2376 1089 2436 iu
1118 2375 1220 2451 elogiis
1248 2375 1388 2438 auorum
1416 2374 1560 2434 uirorum.
1583 2373 1668 2452 Quae

418 2477 470 2536 lsos
493 2477 554 2536 loeo
575 2477 608 2536 de
628 2475 766 2535 Reualiao
787 2477 936 2546 sarranis,
959 2477 1104 2539 declarant
1133 2479 1246 2553 quidest
1270 2478 1393 2538 studium
1414 2475 1515 2536 Leonis
1534 2477 1566 2536 in
1587 2495 1675 2544 eum.

417 2580 493 2660 qnod
511 2580 626 2640 minime
647 2579 825 2640 extinxerunt
844 2579 977 2656 querelae
997 2579 1223 2650 tortuosorum,
1242 2581 1292 2655 qul
1312 2579 1349 2638 ab
1369 2597 1402 2642 eo
1422 2599 1476 2638 non
1494 2579 1583 2657 salum
1601 2581 1675 2662 efflo-

413 2684 558 2761 girabant.
580 2683 629 2742 sed
648 2681 735 2741 etiam
756 2682 929 2758 exigebann
948 2695 980 2740 ut
1000 2684 1113 2744 divendi
1133 2699 1217 2760 atque
1231 2685 1355 2761 imprimi
1376 2697 1500 2750 vetaret,
1518 2701 1590 2760 quae
1616 2682 1669 2740 ille

412 2799 579 2872 exaraverat
598 2785 637 2846 ad
656 2783 810 2846 irridendos
829 2783 932 2860 (salse
952 2785 1062 2860 quidem
1083 2806 1118 2846 oc
1137 2787 1231 2864 lepide
1244 2789 1262 2866 )
1290 2787 1379 2848 omnis
1401 2799 1527 2863 expertes
1560 2785 1674 2863 elegam·

416 2891 476 2951 tine
496 2888 661 2966 theologos·
682 2887 792 2948 Narrat
808 2889 835 2947 is
857 2887 888 2948 in
910 2888 1050 2964 epistola.
1073 2904 1130 2966 qua
1163 2890 1254 2951 Leoni
1273 2889 1331 2966 ipsi
1349 2891 1516 2974 nuncupavit
1536 2907 1614 2952 suum
1638 2891 1673 2949 tle

414 3007 477 3052 arte
494 2992 668 3055 Calals'stisa
687 3010 772 3067 opus,
792 3009 848 3067 quo
867 2993 936 3068 quid
952 2994 1093 3056 senserint
1121 2993 1323 3076 Pythagoras,
1348 2995 1576 3076 Pythagoreique
1592 2993 1676 3054 illus·

375 3097 380 3110 '
417 3095 517 3156 triores
537 3113 632 3158 omnes
650 3095 686 3155 de
705 3096 758 3155 liae
777 3109 838 3160 arte
858 3097 914 3158 sibi
930 3101 1060 3178 persequi
1072 3103 1243 3176 proparate.
1271 3119 1303 3160 se
1322 3097 1486 3162 atntretrtt
1513 3097 1596 3176 scama
1620 3099 1677 3158 nir·

418 3212 508 3261 tatum
529 3199 735 3261 incredibilium
751 3199 898 3261 Laurentii
914 3201 1047 3264 Melissi
1061 3217 1166 3264 motum
1187 3206 1216 3264 in
1235 3203 1354 3268 Italiam
1375 3203 1500 3272 uenisse,
1520 3202 1675 3279 quaesiuit·

424 3321 509 3382 seque
528 3303 693 3368 aridissime
708 3309 848 3366 'sermones
868 3307 1040 3368 doliisst'mos
1060 3321 1119 3368 nrm
1141 3307 1241 3376 illius.
1256 3323 1313 3367 tom
1328 3305 1576 3375 eoromomniuns.
1599 3323 1669 3382 quos

420 3411 499 3470 domi
519 3429 588 3470 suae
606 3407 727 3471 alebat.
746 3409 846 3488 Neque
867 3413 958 3482 minsis
979 3411 1103 3471 isreisus
1123 3413 1217 3472 s'tudio
1237 3412 1268 3472 in
1289 3411 1434 3482 tmen,
1459 3409 1621 3490 gratulatur
1640 3409 1679 3471 il·

421 3511 462 3582 tt,
483 3509 563 3594 qaod
583 3513 694 3575 semina
714 3516 820 3576 reseris
836 3513 1057 3598 philosophiae,
1082 3531 1155 3596 qaae
1173 3517 1279 3593 jecttst
1297 3515 1402 3585 Pater,
1432 3515 1496 3597 ipso
1522 3527 1675 3598 regnante.

420 3609 454 3676 in
474 3613 586 3678 culsnos
605 3632 769 3700 surgerent,
789 3617 831 3678 sic
853 3635 886 3679 ot
906 3621 1032 3689 Graeca,
1058 3617 1178 3686 Latina,
1200 3615 1348 3688 Hebraea,
1372 3616 1519 3690 Arabica.
1542 3613 1678 3680 Chaldai·

415 3731 463 3792 ss,
486 3720 516 3788 dt
536 3718 692 3785 Choatres
712 3721 846 3793 assurim
862 3739 967 3791 omnes
984 3723 1130 3804 majestati
1148 3721 1229 3793 illios
1246 3717 1391 3790 offerrent
1403 3761 1425 3786 .,
1499 3793 1500 3796 ¹
1613 3785 1617 3793 ,

338 3921 423 4006 (105)
668 3912 1221 4013 'riegooiamedetaaeaamde‚

696 4033 741 4092 La
761 4049 868 4100 msto,
888 4049 905 4090 e
923 4029 974 4112 poi
994 4030 1023 4090 le
1042 4045 1112 4112 gott
1131 4029 1215 4092 smhe
1235 4041 1337 4113 presel

593 4209 595 4215 Ι
697 4130 723 4193 tt
746 4131 768 4190 ’l
788 4147 872 4204 santo
893 4130 976 4192 basio
995 4132 1029 4220 in
1049 4130 1189 4196 smbedue
1211 4132 1254 4197 mi
1275 4129 1380 4194 diade.

658 4233 702 4298 Di
723 4255 810 4297 mesa·
823 4233 918 4318 quella
937 4233 1015 4296 bolla
1035 4251 1107 4294 anco
1126 4249 1237 4296 rorasse

700 4339 749 4400 tri
770 4335 824 4408 fn,
844 4337 881 4399 dt
900 4337 928 4399 ls
947 4337 1015 4420 qusl
1035 4356 1085 4400 ors
1104 4335 1127 4400 it
1149 4337 1210 4398 mio
1230 4335 1353 4402 Bibissa

696 4440 842 4528 inpedito
861 4441 905 4508 mi
924 4439 963 4506 hs
981 4441 1005 4507 il
1025 4455 1103 4505 rests
1122 4439 1179 4504 alle
1198 4437 1256 4508 mis
1275 4457 1373 4524 spese.

1029 4672 1137 4822 t„
