4372 5842
686 651 722 722 'V
817 655 832 724 l
928 653 961 724 'l'
1057 655 1087 726 A
1493 652 1558 722 181

283 771 401 847 vilium
425 796 535 861 usus,
559 770 803 846 dexteritas&
829 775 1010 866 prudentia
1043 775 1154 846 in‘iis
1194 771 1403 859 tratlandls,
1445 771 1617 844 scribendi

283 889 476 985 elegantia,
494 901 528 968 bc
553 895 704 966 studium
728 896 985 987 cognoscendae
1011 901 1043 967 δι
1068 896 1274 966 exercendae
1305 895 1464 965 virtutis.
1490 895 1615 986 Quan-

285 1031 357 1085 tum
382 1017 462 1088 huic
486 1039 627 1112 quoque
644 1016 802 1086 tribueret
829 1017 916 1099 Leo,
942 1037 1106 1107 quantum
1126 1017 1182 1088 hic
1205 1015 1279 1096 illi,
1303 1039 1344 1086 ex
1365 1013 1528 1103 epistola,
1545 1035 1614 1104 qua

192 1145 195 1152 “
284 1154 363 1206 suas
388 1137 425 1207 in
448 1139 647 1210 Ciceronem
671 1138 921 1210 emendationes
947 1137 1056 1218 eid-sm
1075 1137 1266 1226 inscripsit,
1293 1114 1461 1228 cognosci·
1479 1154 1618 1224 potest,

241 1311 247 1318 .
285 1255 322 1326 in
344 1281 409 1347 qua
434 1276 611 1350 postquam
636 1257 795 1346 exposuit
822 1257 900 1347 quid
925 1259 955 1327 ei
980 1259 1141 1329 deberent
1167 1257 1326 1342 litterae,
1361 1255 1445 1345 qnid
1480 1257 1616 1333 Roma,

286 1377 377 1470 quod
391 1399 454 1468 per
476 1399 548 1448 eum
572 1379 606 1448 in
627 1379 796 1472 antiquam
821 1376 910 1446 illam
936 1393 1003 1447 tum
1028 1378 1182 1472 imperii,
1207 1393 1276 1447 tum
1300 1378 1445 1446 ominum
1470 1371 1502 1446 6·
1543 1375 1617 1445 vir·-

283 1511 391 1568 ttttum
415 1563 420 1584 ,
450 1496 482 1570 ἅν
507 1497 665 1568 bonarum
691 1501 813 1566 artium
837 1485 1085 1589 amplitudinem
1108 1499 1361 1576 restitueretur,
1386 1473 1618 1591 rationes‘eas

284 1618 428 1706 attulit,
457 1595 580 1710 quibus
606 1620 735 1689 moveri
756 1603 900 1688 'debebat
937 1619 980 1688 ad
1011 1616 1215 1687 excitandos
1246 1614 1405 1698 desides,
1444 1614 1621 1684 dissiden-

207 1771 218 1788 ·
285 1757 408 1830 tesque
430 1737 521 1811 inter
543 1761 582 1808 se
605 1739 793 1826 Principum
830 1740 985 1821 animos,
1029 1756 1068 1808 ut
1104 1738 1229 1812 bellum
1267 1741 1389 1809 Turcis
1430 1736 1625 1808 inferrent.

290 1859 381 1952 Qun
406 1881 513 1946 veru,
537 1881 574 1931 ut
598 1862 644 1930 ait
667 1862 807 1931 Bembus
835 1861 876 1929 ad
902 1857 1105 1950 Longolium
1142 1861 1315 1942 scrrbens,
1358 1861 1385 1929 is
1423 1881 1491 1928 non
1518 1857 1628 1927 modo

291 1975 535 2051 inlitteratum
561 1981 715 2066 studiis,
738 1981 798 2051 secl
822 1981 922 2050 etiam
950 1980 984 2049 in
1011 1980 1125 2049 amicis
1162 1977 1310 2048 colendis
1344 1979 1504 2048 mirificus
1530 1991 1632 2064 erat,

292 2095 415 2168 borum
440 2096 496 2169 vel
518 2100 707 2183 honorem,
732 2101 788 2170 rel
814 2099 984 2170 fortunam
1019 2120 1122 2186 saepe
1162 2099 1412 2168 commendarit
1444 2097 1627 2180 Pornifici,

297 2217 387 2304 apud
410 2241 508 2309 quem
542 2219 851 2290 commendationes
877 2242 959 2288 suas
990 2239 1067 2288 esse
1101 2217 1361 2309 gratiosissimus
1395 2215 1624 2306 intelligebat.

296 2338 397 2409 llaud
420 2339 568 2410 stimulis
589 2339 723 2429 quidem
748 2338 842 2429 eguit
867 2341 952 2423 Iseo,
984 2355 1022 2408 ut
1058 2339 1220 2408 Lazzarus
1250 2336 1485 2419 Ronamicius,
1526 2357 1629 2426 quem

295 2483 315 2529 e
340 2460 544 2529 Bononiensi
568 2458 611 2528 ad
625 2457 815 2527 Romanum
832 2459 980 2542 Lyceum
1004 2459 1166 2542 vocavit,
1191 2459 1314 2550 quique
1339 2454 1452 2525 multis
1476 2455 1631 2544 superior

251 2665 253 2668 Ι
295 2571 377 2649 erat¹
392 2577 567 2663 doctrina,
592 2577 729 2648 minime
758 2577 899 2649 inferior
924 2597 1013 2650 esset
1050 2578 1207 2650 fortuna.
1250 2576 1459 2648 Successisse
1495 2572 1552 2644 ille
1593 2574 1630 2646 in
1719 2563 1721 2567 ⁸

295 2697 410 2769 locum
435 2695 513 2766 Auli
538 2697 612 2766 lani
634 2697 801 2766 Parrhasii
827 2697 986 2781 videtur,
1013 2698 1070 2787 qui
1095 2696 1268 2768 continuis
1296 2698 1463 2789 podagrae
1498 2696 1629 2766 dolori-

295 2816 359 2888 bus
385 2815 634 2902 conflidatus,
657 2817 714 2886 diu
739 2817 883 2887 docendi
919 2815 1070 2886 laborem
1108 2819 1248 2888 minime
1282 2820 1449 2888 sustinere
1486 2815 1632 2907 potuita

297 2939 384 3006 Cum
408 2935 593 3007 contuleris
618 2937 743 3024 scripta
764 2937 968 3029 utriusque,
995 2933 1098 3006 facile
1115 2935 1276 3030 judicabis
1302 2938 1531 3007 Bonamicium
1548 2937 1633 3006 scri·

298 3035 398 3128 bendi
423 3054 589 3148 elegantia
624 3054 839 3126 Parrhasium
873 3077 1077 3144 superasse,
1098 3057 1208 3147 deque
1242 3079 1283 3125 eo
1306 3029 1396 3149 jure'
1418 3055 1637 3145 praedicasse

283 3159 455 3256 ¹l²aulltmi
477 3174 693 3256 Manutius,
717 3199 823 3248 unum
846 3175 975 3263 fuisse,
1001 3177 1064 3267 qui
1084 3175 1205 3246 rudem
1225 3177 1411 3248 barbariem
1436 3201 1456 3248 a
1490 3177 1641 3250 Latinae*

303 3289 442 3386 linguae
472 3294 596 3365 finibus·
618 3316 738 3367 arcere
758 3280 951 3384 potuisset.

397 3409 571 3484 Hadenus
595 3401 639 3484 de
660 3414 772 3486 dodis
793 3416 899 3501 viris,
924 3439 1076 3508 quorum
1096 3417 1274 3490 Sadoletus
1298 3419 1520 3492 honorificam
1541 3441 1640 3490 men*

303 3528 433 3601 tionem
457 3531 564 3616 lecit,
598 3557 816 3627 quorumque
830 3537 987 3630 dignitati
1011 3543 1044 3608 u
1070 3537 1199 3629 gloriae
1219 3541 1360 3610 maxime
1384 3538 1515 3610 lavisse
1534 3535 1636 3611 videa

303 3667 360 3720 eur
384 3650 473 3722 Leo.
507 3651 585 3724 Lilii
625 3677 769 3746 quoque
797 3657 954 3747 Gregorii
992 3658 1147 3744 Gyraldii
1189 3661 1384 3732 testimonio
1418 3661 1548 3733 multos
1569 3683 1637 3731 co-

211 3871 216 3881 .
299 3769 411 3860 gnitos
449 3771 644 3859 habemus,
666 3776 815 3846 Graecos
838 3823 849 3858 ,
872 3774 1010 3863 italos,
1034 3779 1091 3869 qui
1115 3783 1207 3871 quod
1233 3783 1274 3852 ab
1299 3781 1406 3853 laude
1436 3781 1639 3870 praesertim

301 3893 421 3980 poesis·
449 3896 772 3966 commendatissimi
811 3919 951 3982 essent,
992 3899 1218 3990 singularibus
1259 3903 1480 3972 benefieiisa
1518 3901 1640 3972 Leone

237 4057 241 4066 -
295 4009 473 4084 botrestati
495 4011 634 4086 frrerrnn
656 4041 670 4083 ·.
695 4015 723 4084 E
747 4017 887 4087 Graecis
913 4019 1063 4089 Marcum·
1101 4005 1278 4092 Masururn
1305 4019 1587 4110 Epidaurensium
1619 4067 1636 4106 ,

300 4136 336 4203 tc
360 4135 543 4206 Manilium
566 4133 722 4205 libellum
747 4135 958 4206 Cretensium
985 4139 1187 4228 pontificatu
1225 4140 1426 4209 decoravit.
1448 4137 1640 4228 Gyraldius‘
1735 4127 1737 4132 ⁸

304 4251 392 4324 iiem
416 4255 609 4326 vindicavit
635 4255 810 4346 iniuriam,
834 4279 934 4348 quam
951 4259 1089 4328 Masuro
1110 4243 1341 4351 imposuerunt
1357 4243 1641 4350 tortus'aliique,

202 4363 204 4366 ’
300 4372 403 4465 quasi
422 4374 634 4466 iniquissime
656 4374 795 4446 tulisset
811 4393 853 4446 se
877 4363 1093 4466 praeteritum
1112 4399 1132 4446 a
1152 4361 1269 4448 Leone
1281 4377 1404 4464 luisse,
1428 4403 1509 4450 cunr
1526 4401 1640 4469 supra*

300 4489 447 4583 finimas
463 4491 664 4567 cardinales
681 4515 753 4570 uno
775 4491 832 4567 die
852 4485 1033 4570 manser,
1051 4497 1240 4571 Araenium·
1257 4520 1407 4594 quoque
1425 4497 1641 4588 lrtluarerobag'r
