4472 5828
622 579 670 670 3'6
1006 573 1609 656 LEONISX..

663 703 705 778 In
728 701 779 770 his
805 722 915 770 rerunt
941 697 1198 772 difficultatibus
1220 697 1302 770 illud
1332 701 1471 772 videbat
1501 703 1673 784 loannes,
1701 724 1746 770 ne
1772 698 1901 780 timen-

570 823 617 894 do
640 821 743 913 magis
768 820 884 911 timere
907 839 1107 911 cogeretur,
1128 820 1292 913 nullaque
1313 824 1478 912 pecuniae
1500 823 1618 896 habita
1637 822 1791 897 ratione,
1809 823 1903 891 omui

572 941 747 1034 diligentia
774 965 842 1013 non
861 930 1074 1033 'elegantlam
1104 941 1210 1012 ntodo
1245 947 1277 1011 bt
1296 941 1499 1013 munditiam
1512 987 1524 1024 ,
1544 937 1603 1014 sed
1627 943 1727 1012 etiam
1750 943 1905 1033 magnili-

573 1065 719 1136 centiam
744 1071 777 1136 a<
809 1058 1018 1136 affluentiam
1047 1062 1248 1134 alledlabat.
1280 1061 1402 1134 Nullus
1431 1083 1513 1134 erat
1545 1063 1744 1148 nobilitate,
1763 1065 1906 1134 bonori-

465 1252 470 1259 ,
571 1183 633 1260 ltus
658 1187 691 1255 u
716 1187 857 1277 ingenio
885 1185 1024 1278 insignis
1051 1183 1187 1272 homo,
1222 1185 1283 1279 qui
1311 1183 1350 1252 itt
1379 1183 1470 1254 illius
1504 1186 1639 1256 domum
1668 1180 1780 1266 (erat
1813 1185 1903 1254 haec

570 1299 681 1404 drope
714 1305 872 1396 Agonale
900 1289 1042 1394 sorum)
1081 1328 1153 1376 nou
1190 1307 1424 1392 conveniret,
1454 1315 1620 1400 quemque
1643 1307 1688 1378 itt
1718 1303 1904 1376 amicitiam

571 1415 667 1492 'stram
692 1423 915 1496 libentissime
936 1415 1009 1496 nou
1031 1419 1201 1514 reciperet·
1219 1426 1416 1519 3quotquot
1439 1447 1538 1498 erant
1559 1428 1709 1500 illustres
1733 1425 1911 1512 artifices...

572 1537 738 1632 itidlores,
769 1545 978 1636 sculptores,
1007 1543 1210 1629 architedli,
1238 1548 1359 1617 musici
1376 1551 1457 1642 ejus
1487 1547 1681 1618 testimonia
1710 1551 1743 1616 u
1777 1542 1909 1636 iudicia.

570 1661 817 1756 exquirebant.
832 1646 1008 1739 Servie‘bat
1031 1670 1222 1742 commodis
1245 1669 1457 1762 utilitatique
1476 1667 1734 1751 litteratorum,-
1755 1688 1831 1736 cum
1849 1686 1913 1752 pa·

571 1802 660 1884 teret
683 1787 840 1864 omnibus
870 1788 943 1882 ejus
969 1789 1182 1863 bibliotheca
1206 1791 1351 1864 Graecis.
1372 1786 1459 1882 (¹9)
1490 1795 1523 1860 dt
1545 1787 1683 1884 latinis
1717 1785 1813 1860 libris
1848 1809 1910 1856 co·
1954 1847 1956 1850 .

573 1905 790 1995 piosissima‚
815 1935 919 2002 quam.
939 1934 1061 2004 magna
1086 1937 1128 1984 er
1155 1915 1304 2000 parte&
1331 1933 1350 1978 a
1375 1909 1564 1990 Laurentio
1586 1929 1684 1998 parre
1708 1907 1908 1990 habuerat,
2014 1887 2018 1894 ¹

567 2021 604 2098 bt
636 2054 655 2098 a
673 2005 873 2101 Coenobitis
896 2031 1085 2101 Marcianis
1108 2029 1315 2101 Florentinis
1332 2030 1443 2100 uumis
1459 2030 1570 2102 aureis
1589 2042 1794 2101 uuoctxtl·
1810 2044 1906 2091 eme·

565 2165 649 2233 rat,·
670 2147 819 2240 benigne.
841 2150 1037 2239 salutabat,
1064 2153 1278 2243 comiterque
1302 2149 1492 2241 appellabat
1518 2165 1817 2240 unumquemque3
1840 2164 1907 2226 nee·

565 2265 681 2338 ullum
707 2291 783 2342 erat
813 2261 1073 2362 disciplinarum
1099 2295 1230 2364 genus,
1265 2295 1463 2362 quanquam
1495 2271 1749 2342 humanioribus
1782 2265 1910 2354 litteris

574 2385 736 2458 deledlati
762 2390 911 2461 maxime
937 2391 1140 2475 uideretur,
1179 2391 1275 2484 quod
1307 2368 1505 2482 patrocinio
1540 2415 1604 2462 suo
1632 2401 1713 2460 'non
1749 2385 1909 2457 foveret.

573 2503 649 2576 Hoc
679 2533 820 2600 quoque
852 2512 1028 2602 proprium
1053 2533 1129 2584 erat
1156 2512 1267 2600 illius,
1299 2533 1339 2582 ut
1367 2515 1554 2606 propositis
1589 2509 1744 2582 maximis
1776 2507 1822 2576 de·
1855 2526 1913 2574 re·

573 2625 637 2697 bus
667 2629 954 2720 quaestiouibus,
991 2632 1106 2723 plures
1136 2635 1180 2706 ad
1210 2634 1458 2725 disputandum
1487 2633 1664 2717 alliceret„
1689 2633 1725 2700 δι
1755 2624 1909 2697 rivalita-

576 2762 641 2815 tem
666 2751 848 2840 quamdam
869 2753 958 2823 inter
984 2777 1046 2824 eos
1068 2755 1259 2840 excitaret,
1291 2777 1372 2826 cunt
1398 2755 1539 2826 minime
1561 2755 1737 2844 ignoraret
1766 2767 1914 2818 conteu-

573 2867 669 2938 tione
699 2875 925 2961 certantium,
956 2899 1000 2947 ae
1024 2875 1136 2950 veluti
1162 2876 1360 2947 licitatione
1380 2874 1530 2966 quadam
1560 2873 1675 2965 augeri
1691 2885 1813 2948 {retunt
1835 2891 1914 2958 pre-

574 2990 626 3062 tia
671 3011 777 3083 atque
814 2996 1102 3083 aestimationes,
1134 3013 1300 3088 certoque
1326 2997 1454 3065 indicio
1474 2997 1588 3087 jacere.
1608 3016 1773 3074 eastes,
1801 2996 1834 3060 dc
1850 3012 1910 3077 pe·

571 3117 667 3191 uitus
702 3121 844 3214 abjedas
877 3145 972 3210 esse,
1000 3123 1041 3194 in
1067 3123 1170 3216 queis
1197 3119 1290 3193 nulla
1314 3121 1402 3192 inter
1433 3145 1474 3194 se
1493 3139 1618 3192 contra
1642 3116 1818 3188 licentium
1839 3133 1915 3184 stu·

574 3235 632 3306 dia
666 3235 935 3315 conflictantur.
966 3247 1114 3318 Ceteros
1145 3247 1235 3318 inter
1264 3244 1427 3316 audiebat
1459 3263 1563 3331 saepe
1588 3239 1804 3330 disputantes
1839 3237 1921 3304 Ma·

573 3356 665 3428 rium
688 3361 876 3455 Maffejun,
910 3367 947 3437 bt
976 3365 1151 3436 Thomam
1175 3366 1376 3438 Phaedrum.
1396 3357 1641 3454 Iughiramitun
1667 3356 1917 3434 Volaterranos

565 3459 713 3566 ambos,
745 3479 917 3576 inquibus
940 3505 1020 3557 erat
1042 3487 1173 3580 generis
1200 3483 1363 3556 nobilitas
1376 3534 1392 3570 ,‚
1410 3486 1583 3552 summum
1609 3478 1804 3572 ingenium,
1824 3499 1919 3548 sum·
1951 3552 1954 3558 ,

521 3647 524 3652 -
571 3609 632 3672 tua
651 3604 795 3676 eruditio
813 3657 827 3691 ,
858 3603 948 3678 salis
979 3609 1016 3677 dt
1045 3593 1261 3694 facetiarum¹
1275 3606 1417 3677 ubertas
1437 3624 1525 3694 par,
1553 3626 1691 3676 summa
1712 3599 1822 3670 etiam„
1840 3593 1920 3665 elo·

570 3701 739 3814 quentia,
771 3741 835 3811 ut,
862 3725 1149 3819 'quemadmodum
1173 3725 1222 3798 de
1239 3726 1415 3798 Carneade
1426 3725 1624 3796 :memoriae
1635 3721 1802 3793 traditum
1826 3733 1880 3786 est
1895 3765 1913 3800 „
2016 3799 2019 3808 Ι

575 3837 617 3912 in
640 3862 822 3940 utramque
848 3866 978 3939 partem
1002 3847 1057 3920 ita
1083 3847 1224 3940 copiose
1248 3864 1357 3941 atque
1384 3845 1493 3937 ample
1514 3835 1745 3938 dissererent.
1770 3858 1812 3910 ut
1833 3833 1923 3906 faci·

571 3953 610 4052 le
632 3984 706 4035 nou
734 3983 875 4057 nosset,
902 3969 951 4040 iis
984 3967 1209 4056 dicentibus,
1228 3970 1398 4051 discerni,
1423 3965 1515 4062 'quid
1538 3969 1661 4037 uerunt
1688 3977 1806 4044 esset,
1833 3951 1922 4048 quid

583 4075 935 4162 tarsum.1nfinitttm
971 4105 1065 4165 esset
1091 4102 1276 4165 numerale
1308 4103 1459 4173 omnes,
1481 4088 1547 4182 qui.
1572 4079 1654 4158 cuin
1690 4081 1846 4173 plurimis·
1880 4073 1922 4148 int

589 4333 671 4407 tens
693 4321 727 4390 dc
754 4318 1097 4400 beneficentissimam
1111 4335 1254 4406 numen
1275 4333 1508 4403 actedeliaut.
1531 4328 1648 4399 Testis
1677 4345 1729 4398 est
1767 4317 1912 4406 Alcy‘u‘t·

574 4441 652 4514 nius
680 4436 812 4518 maritos,
841 4440 952 4518 etiam.
977 4440 1177 4516 litteratum
1201 4456 1340 4524 Graeca
1367 4455 1513 4546 insignes
1556 4425 1671 4550 ciros
1693 4444 1794 4518 sslum
1820 4437 1920 4522 domi
