4372 5842
657 659 729 760 seo
1044 671 1072 744 t
1118 673 1148 745 E
1195 671 1230 746 0
1276 675 1306 748 tt
1356 676 1372 746 1
1419 678 1442 750 s
1512 675 1555 750 x

602 781 682 872 bat,
705 781 965 882 suppeditabant
989 791 1090 868 etiam
1113 795 1197 869 baec
1227 797 1492 888 obleilanrenta,
1520 818 1609 896 quae
1639 789 1845 897 iucundiora·
1875 807 1939 882 b-

607 901 720 977 ciebat
745 905 909 982 nobilium
938 913 1100 1008 juvenum
1134 919 1347 1006 comitatus,
1372 941 1474 1016 atque
1498 926 1647 997 omniunt
1682 949 1794 998 rerum
1825 928 1937 1022 abun·

600 1023 751 1118 dantia,
785 1055 876 1126 quae
917 1032 961 1106 ad
996 1037 1087 1108 vitae
1120 1040 1295 1112 commoda
1324 1041 1565 1130 pertinebant.
1598 1046 1675 1118 Non
1715 1045 1818 1142 longe
1852 1073 1937 1126 vero

598 1145 641 1218 ab
670 1152 752 1222 urbe
782 1152 892 1227 Roma
921 1157 965 1230 ad
1000 1159 1141 1247 Tyberis
1166 1161 1270 1250 ripam
1304 1159 1421 1232 villam
1458 1163 1695 1239 aedificaverat
1726 1168 1796 1242 Leo
1820 1167 1935 1255 (huie

596 1267 770 1343 Malianae
804 1280 956 1369 nomen)
980 1277 1024 1348 ad
1047 1303 1174 1372 quant,
1197 1303 1274 1354 cum
1298 1305 1356 1374 per
1378 1285 1458 1357 anni
1480 1303 1612 1379 tempus
1637 1287 1784 1375 licebat,
1806 1293 1936 1384 saepis·

591 1391 679 1464 sime
702 1394 884 1474 veniebat,
909 1399 942 1466 dt
965 1395 1023 1469 bic
1049 1398 1145 1472 locus
1175 1403 1482 1492 opportunissimus
1508 1429 1581 1481 erat
1618 1409 1812 1498 acdeorum,
1847 1411 1933 1484 mil-

594 1536 719 1588 vorum
745 1513 951 1609 aliarumque
976 1518 1090 1594 avium
1114 1521 1379 1610 venationibus,
1409 1527 1453 1598 ad
1485 1551 1568 1621 quas
1608 1530 1762 1605 falcones
1785 1525 1933 1624 praescr·

595 1635 661 1710 tim
684 1638 885 1712 adhibebat.
912 1645 1015 1714 Dona
1036 1665 1120 1716 vero
1138 1644 1327 1736 gratissima
1353 1663 1452 1716 erant
1474 1647 1567 1738 ipsi,
1588 1672 1676 1741 quae
1697 1654 1931 1727 deserviebant

591 1761 686 1837 bisce
711 1759 1017 1846 oblectationibus,
1043 1785 1149 1858 quare
1173 1785 1249 1835 cum
1272 1764 1400 1857 gratias
1426 1787 1539 1860 ageret
1559 1771 1740 1843 Francisco
1756 1744 1932 1853 Gallorum

475 1893 480 1902 '
593 1889 701 1984 Regi,
731 1887 825 1982 quod
850 1907 952 1956 canes
978 1884 1157 1960 venaticos
1196 1883 1238 1958 acl
1275 1885 1517 1978 perquirendas
1554 1887 1670 1974 setas,
1692 1897 1726 1964 δι
1750 1915 1864 1966 casses
1886 1919 1930 1968 ex

592 2013 662 2086 tela
686 2009 727 2086 ad
753 2005 1005 2092 concludendas
1031 2005 1175 2080 idoneos
1203 2005 1269 2077 sibi
1290 2007 1461 2092 misisset,
1485 2009 1535 2080 ait
1558 2011 1626 2082 boc
1663 2035 1785 2084 munus
1827 2014 1931 2098 fuisse

593 2130 695 2226 plane
720 2128 872 2227 regium,
901 2131 935 2197 ὃ(
965 2123 1032 2206 sibi
1057 2124 1207 2214 apprime
1230 2145 1389 2218 gratttrn,
1426 2151 1532 2222 seque
1556 2129 1614 2202 illo
1641 2155 1802 2219 usurum,
1837 2159 1931 2226 quo·

593 2253 657 2336 ties
682 2275 743 2342 per
772 2247 912 2342 negotia
936 2246 1247 2346 occupationesque
1272 2247 1364 2322 erite
1397 2249 1505 2320 Roma
1529 2252 1591 2322 sibi
1626 2248 1799 2335 licuisset,
1837 2253 1932 2348 quod

591 2371 659 2468 jana
683 2371 738 2456 uel
763 2372 805 2447 ab
828 2369 1061 2454 adolescentia
1078 2386 1241 2460 expertus
1268 2385 1435 2439 erectum
1458 2369 1723 2461 equitationem,
1753 2390 1824 2450 tum
1847 2395 1931 2450 avo.

592 2494 765 2579 sationem
790 2491 909 2576 animi,
938 2513 1042 2583 qnam
1064 2489 1132 2573 sibi
1156 2487 1306 2573 vindicat
1332 2492 1497 2587 venatio,
1529 2492 1630 2568 valde
1666 2491 1733 2572 sibi
1767 2492 1927 2592 prodesse

595 2613 640 2686 ad
664 2612 895 2697 valetudinem
921 2611 1077 2703 viresque
1102 2612 1255 2704 corporis
1280 2609 1335 2683 vel
1360 2609 1567 2701 firmandas,
1604 2612 1661 2694 vel
1685 2614 1927 2698 restituendas.

592 2735 892 2825 Gratiasquoque
909 2733 979 2824 egit
1004 2733 1129 2820 Carolo
1155 2713 1394 2836 Hispaniarum
1420 2732 1522 2824 Regi,
1553 2732 1647 2824 quod
1670 2731 1805 2826 aquilas
1821 2757 1930 2828 nsque

521 2901 523 2906 ·
591 2853 846 2949 quatuordecim
869 2855 914 2940 ,ad
940 2875 1021 2924 aves
1045 2851 1226 2943 eapiendas
1250 2851 1385 2942 edodlas
1411 2853 1474 2924 sibi
1497 2831 1590 2940 dono
1613 2852 1784 2942 misisset,
1807 2856 1928 2943 decla-

588 2996 860 3078 ransquantum
882 2973 927 3063 ¹ab
952 2973 1200 3062 exercitatione
1224 2973 1374 3066 ludoque
1398 2973 1577 3066 campestri
1602 2979 1636 3048 bt
1669 2972 1859 3066 voluptetis
1894 2979 1928 3046 bc

588 3095 748 3172 utilitatis
787 3112 1053 3186 consequeretur
1065 3143 1078 3180 ,
1103 3093 1205 3187 Quod
1231 3111 1270 3168 ut
1294 3092 1408 3182 facete
1425 3094 1599 3184 copiosius
1628 3073 1763 3185 posset,
1787 3096 1928 3184 manda*

587 3217 642 3292 vit
667 3217 789 3290 loanni
812 3217 939 3287 Neroni
972 3213 1040 3284 civi
1074 3211 1302 3302 Florentino,
1326 3235 1365 3288 ιιι
1389 3237 1466 3286 curn
1490 3215 1681 3288 hominibus
1707 3218 1844 3304 armatis
1866 3239 1926 3289 cu·

587 3337 731 3408 stodiret
758 3357 864 3408 totam
889 3335 979 3406 illam
1002 3336 1196 3430 regionem,
1218 3357 1307 3426 quae
1328 3335 1373 3423 ad
1396 3335 1562 3406 decimum
1589 3361 1608 3406 a
1633 3357 1733 3427 porta
1757 3339 1924 3410 Vaticana

587 3458 735 3548 villaque
767 3455 963 3539 Manliana,
987 3475 1092 3547 atque
1127 3457 1168 3526 ab
1189 3455 1310 3538 Ostia,
1333 3474 1478 3549 totoque
1502 3481 1524 3546 a
1548 3458 1673 3545 Tybcri
1696 3457 1839 3548 lapidem
1872 3459 1924 3530 in·v

588 3577 755 3656 treviam
778 3579 933 3658 Cassiam
958 3584 992 3649 ar
1017 3578 1120 3649 maris
1156 3575 1272 3648 littora
1300 3576 1469 3683 pertinet,
1491 3595 1694 3666 putaretque
1718 3559 1919 3670 diligenter,

589 3717 630 3770 ιιι
658 3697 686 3768 is
713 3697 838 3772 tracius
869 3699 911 3780 pb
944 3697 1095 3783 incolis,
1123 3698 1167 3786 ¹ab
1193 3695 1342 3777 exteris,
1369 3719 1389 3767 a
1411 3695 1620 3802 peregrinis,
1645 3721 1666 3769 a
1688 3697 1839 3785 civibus,
1865 3697 1922 3768 de·

586 3817 690 3912 nique
716 3816 789 3888 ullis
817 3819 857 3890 ab
884 3819 1078 3906 bominibus
1094 3818 1234 3908 putupii
1257 3839 1361 3910 atque
1386 3791 1583 3914 venationis
1599 3816 1808 3906 exercendae
1824 3837 1921 3886 caus·

584 3963 626 4013 sa
650 3963 693 4010 ne
715 3937 887 4024 adiretur,
922 3959 1057 4028 praeter
1093 3963 1174 4028 eos,
1206 3941 1267 4032 qui
1295 3937 1446 4012 aviculas
1473 3939 1567 4010 visco
1602 3947 1634 4010 bt
1667 3940 1792 4026 nociua
1825 3959 1922 4027 cape⁴

586 4077 682 4130 rent.
705 4058 798 4130 Paris
822 4059 982 4144 ‚Crassius
1000 4105 1010 4128 t
1028 4057 1305 4156 diligentissimus
1324 4082 1408 4132 sane
1430 4060 1578 4151 scriptor
1592 4059 1773 4148 multarum
1788 4079 1917 4142 return,

586 4205 674 4274 quae
698 4179 742 4264 ad
765 4179 889 4256 Leonis
914 4181 1019 4260 uitam
1045 4159 1223 4269 speciant,
1258 4201 1357 4270 saepe
1383 4181 1588 4266 mentionem
1630 4181 1713 4250 facit
1748 4179 1838 4265 illius
1865 4175 1918 4247 iti·

585 4325 704 4376 netum
731 4303 924 4384 uenationis
947 4325 1089 4382 caussa,
1121 4309 1151 4368 dc
1174 4299 1288 4371 dolere
1319 4301 1476 4380 videtur,
1513 4301 1605 4393 quod
1633 4321 1791 4371 ocreatus
1817 4307 1850 4370 dt
1875 4297 1920 4368 sid

587 4445 632 4494 ne
657 4421 948 4496 ullisl’ontibciae
974 4423 1153 4513 dignitatis
1187 4421 1374 4513 insignibus
1408 4421 1599 4508 incederet,
1631 4419 1783 4512 nullique
1819 4441 1919 4488 sum·

584 4541 663 4648 ptui
700 4562 888 4633 parceret,
904 4566 972 4636 quo
1012 4544 1237 4628 Cardinales,
1270 4545 1329 4638 qui
1351 4567 1426 4621 cunt
1445 4541 1507 4622 illo
1531 4559 1632 4618 eraut
1651 4541 1778 4631 (etant
1803 4555 1917 4610 autern
