4386 5838
649 757 704 845 „9s
753 743 755 748 ’
1049 758 1076 830 ι
1124 763 1152 832 s
1201 760 1233 832 0
1282 765 1313 833 u
1361 765 1375 834 r
1424 761 1446 832 s
1519 757 1561 830 x.

600 899 643 952 ιιι
669 881 800 970 plures,
825 902 970 974 quorum
996 884 1085 954 ratio
1111 875 1342 977 voluntasque
1372 908 1391 954 a
1417 881 1579 954 Mediceis
1604 879 1799 971 longissime
1822 878 1948 956 abhorr-

600 1003 723 1082 -rebat,
741 1002 953 1092 praeclarum
979 1003 1143 1076 ducerent
1171 1029 1288 1078 eorum
1317 1006 1454 1096 imperio
1480 1029 1516 1078 se
1542 1003 1761 1074 submittere.
1780 1001 1949 1071 Nunciuttt

603 1124 734 1194 interea
760 1125 891 1215 'accepit
916 1147 958 1196 err
982 1125 1048 1196 hac
1074 1125 1148 1196 vita
1173 1127 1337 1219 migrasse
1361 1126 1610 1198 ferdinandum
1637 1124 1859 1215 dragonium*
1880 1120 1950 1192 lli·

601 1245 743 1331 spaniae
776 1246 923 1336 Regem,
942 1247 1053 1318 virum
1077 1247 1277 1338 prudentia,
1303 1245 1442 1338 aliisque
1467 1247 1673 1330 virtutibus,
1698 1242 1859 1315 felicitate
1875 1260 1952 1329 par·

603 1364 717 1456 risque
742 1362 894 1438 victoriis
920 1386 991 1438 tum
1018 1370 1053 1440 in
1079 1369 1215 1454 Africa,
1239 1388 1311 1438 tum
1335 1359 1369 1438 in
1395 1368 1492 1440 ltalia
1516 1366 1765 1447 clarissimum,
1786 1362 1830 1432 ob
1848 1381 1952 1465 quam
2032 1446 2038 1456 ,

602 1506 673 1556 rem
699 1483 842 1558 arctiora
867 1487 940 1558 fore
965 1488 1103 1560 vincula
1138 1489 1285 1562 foederis
1324 1490 1555 1574 videbantur,
1597 1485 1689 1577 quod
1717 1479 1834 1571 paullo.
1870 1497 1950 1550 ante

601 1599 761 1676 Pontifex
786 1607 915 1697 ipse&
947 1597 1149 1680 Franciscus
1187 1612 1260 1682 Rex
1286 1629 1544 1699 percusserant.
1568 1607 1634 1678 Hic
1661 1603 1796 1697 quidem
1829 1599 1948 1672 statim

603 1725 754 1796 animum
778 1728 925 1800 intendit
955 1731 997 1800 ad
1024 1731 1289 1819 recuperandum
1327 1731 1481 1821 Regnum
1521 1727 1809 1815 Neapolitanum,
1847 1721 1945 1813 cujus

599 1847 681 1920 belli
706 1849 737 1912 dt
766 1848 985 1939 participem,
1010 1854 1044 1922 dt
1069 1854 1200 1922 socium
1224 1855 1255 1916 dt
1282 1850 1467 1944 adjutorem
1496 1848 1567 1920 fore
1596 1847 1753 1937 sperabat
1779 1845 1947 1914 Leonem.

601 1965 666 2038 Sed
691 1968 749 2040 hic
775 1966 862 2040 nihil
888 1969 1000 2040 minus
1023 1969 1189 2052 volebat,
1219 1995 1321 2063 quam
1348 1973 1461 2062 augeri
1489 1968 1646 2041 initalia
1671 1965 1847 2066 Gallorum
1882 1985 1949 2051 po-

602 2089 766 2175 tentiam,
791 2113 944 2182 quasque
971 2092 1012 2162 ad
1039 2091 1225 2176 Carolum,
1256 2093 1313 2184 qui
1356 2093 1389 2164 in
1415 2090 1645 2176 ferdinandi,
1679 2113 1721 2160 ex
1747 2089 1844 2181 cujus
1881 2084 1949 2156 filia

578 2201 860 2299 'genitus'eran
886 2210 1001 2284 locum
1026 2217 1059 2286 er
1084 2214 1159 2305 jura
1184 2215 1370 2299 successit,
1401 2215 1572 2308 ¹Florentia
1597 2213 1730 2300 litteras
1754 2207 1869 2287 dedit,
1893 2227 1949 2276 sa·

602 2331 648 2400 tis
673 2331 750 2403 illae
777 2331 910 2423 quidem
934 2332 1149 2406 declarabant
1175 2333 1500 2419 eam'vo'luntarem,
1527 2358 1629 2426 qttam
1654 2355 1783 2420 semper
1816 2329 1945 2398 babue-

598 2469 655 2521 rat
680 2475 761 2544 erga
786 2453 1003 2544 Aragonios,
1024 2455 1059 2526 in
1084 2451 1219 2526 illorum
1241 2477 1475 2526 successorem
1500 2477 1537 2526 se
1579 2472 1816 2524 retenturum.
1850 2450 1945 2520 Tan-

597 2587 673 2642 tum
696 2572 834 2644 nolebat
857 2573 936 2648 huic
960 2577 1008 2647 sic
1036 2597 1150 2668 aperte
1175 2552 1334 2663 studere,
1360 2595 1400 2646 ut
1423 2579 1450 2645 F
1452 2575 1608 2654 rancisco
1619 2574 1703 2665 Regi
1716 2572 1943 2662 suspicionem

594 2689 674 2768 fide
699 2695 939 2768 reconciliatae
962 2698 1094 2791 gratiae
1119 2698 1275 2770 afferret:
1300 2697 1445 2769 retinuit
1471 2699 1570 2790 ¹enim
1595 2717 1733 2788 semper,
1757 2709 1943 2764 cousuetu-
1997 2709 2000 2716 ·

595 2816 707 2886 dinem
731 2816 911 2912 obediendi
935 2819 1167 2908 temporibus,
1191 2819 1374 2911 obtegendi
1401 2817 1547 2890 artificio
1580 2815 1810 2889 simulationis
1841 2800 1945 2900 cupi&

517 3027 521 3034 Ι
594 2937 722 3014 ditares
746 2961 846 3026 suas,
873 2938 1137 3032 blandiendique
1163 2940 1225 3027 iis,
1249 2964 1337 3034 quos
1368 2939 1436 3012 illis
1465 2942 1594 3014 servire
1632 2961 1733 3030 posse
1759 2935 1941 3026 sperabat.

595 3057 737 3134 Minime
763 3081 875 3134 aurem
898 3059 1114 3133 dissimulare
1139 3079 1273 3150 poterat
1296 3063 1332 3132 in
1353 3061 1610 3134 constituendis
1628 3059 1845 3149 Reipublicae
1866 3055 1943 3128 Flo·

594 3179 752 3254 tentinae
773 3181 894 3266 rebus,
918 3180 1187 3277 decorandisque
1211 3181 1584 3272 honoribusprimariis
1600 3180 1683 3250 viris
1709 3179 1856 3270 speeiare
1872 3199 1943 3250 ma·

596 3299 688 3370 xime
712 3299 754 3372 ad
777 3323 919 3374 suorum
949 3303 1137 3391 potentiam
1160 3295 1442 3390 confirmandam,
1485 3320 1632 3397 eumque
1659 3302 1773 3373 omnia
1808 3297 1945 3372 illorum

593 3438 721 3524 eartssa
746 3415 901 3515 faceret,
924 3422 1057 3496 utilitas
1083 3445 1184 3513 saepe
1207 3449 1284 3498 cum
1308 3419 1489 3497 honestate
1513 3425 1562 3496 ita
1587 3423 1763 3506 certabat,
1788 3439 1827 3492 ut
1859 3443 1946 3494 sac-

596 3553 641 3638 pe
662 3541 827 3628 'superior
861 3521 1072 3617 discederet.
1108 3549 1239 3622 Miseris
1275 3546 1483 3640 perditisque
1523 3547 1729 3637 temporibus
1764 3545 1947 3634 permirum
2026 3611 2028 3616 .

594 3657 747 3746 fuisset,
780 3662 809 3733 si
842 3662 989 3738 siluisset
1034 3669 1119 3740 adeo
1154 3667 1354 3744 dominandi
1392 3655 1599 3757 cupiditas,
1641 3687 1679 3739 ut
1725 3687 1785 3739 aut
1834 3654 1947 3737 ueteri

594 3782 850 3870 occupatione,
871 3805 932 3858 eut
954 3783 1117 3874 villaria,
1149 3808 1208 3862 aut
1232 3786 1306 3883 lege
1331 3795 1364 3862 dt
1379 3777 1536 3880 pedlione
1554 3793 1706 3863 omnibus
1731 3790 1832 3862 rebus
1850 3813 1948 3861 com·

590 3901 717 3992 posius
742 3904 777 3974 dt
802 3904 1029 3997 adjudicatis,
1055 3918 1281 3984 constans-dt
1306 3931 1470 4003 perpetua
1506 3890 1676 3986 uoluntas·
1696 3933 1796 3982 suum
1822 3911 1947 4000 cuique

594 4021 782 4109 tribueret,
809 4019 855 4101 rte
878 4028 957 4120 quis
980 4027 1041 4103 sibi
1067 4030 1278 4124 plateasque
1306 4019 1502 4126 arrogaret,
1527 4030 1666 4127 nequis
1693 4032 1828 4104 afferret
1848 4027 1948 4119 irrju·

592 4141 697 4231 mam,
719 4167 761 4217 ne
784 4147 862 4242 qttis
888 4146 984 4220 alteri
1010 4150 1121 4224 afferri
1145 4153 1295 4234 sineret.
1322 4155 1471 4226 Dederat
1497 4154 1632 4248 quidem
1655 4172 1780 4223 natura
1804 4153 1838 4220 dt
1861 4147 1945 4218 edu·

591 4266 684 4343 sario
709 4267 815 4340 Leoni
839 4267 1112 4357 remiserimus,
1139 4275 1171 4340 dt
1195 4276 1310 4347 multis
1336 4277 1497 4367 prodesse
1519 4277 1732 4367 exoptabat;
1755 4271 1816 4342 sed
1840 4269 1943 4340 nimia

592 4381 807 4475 indulgentia
829 4387 865 4458 in
887 4392 1128 4480 Laurentium,
1144 4395 1203 4487 qui
1229 4414 1301 4468 non
1323 4394 1611 4487 solumpublicis
1630 4397 1730 4470 rebus
1753 4393 1937 4475 interesse,

596 4503 782 4576 sedetiam
807 4511 1146 4596 praeessevolebat,
1172 4519 1335 4608 cujusque
1361 4537 1560 4606 corruptum
1586 4515 1772 4586 ambitione
1809 4513 1842 4585 s<
1879 4531 1946 4580 vo·

594 4617 729 4734 lentate
757 4625 994 4724 ingemunn
1019 4631 1053 4705 id
1082 4623 1183 4706 turice
1208 4635 1435 4726 iirtendcbat,
1460 4633 1553 4732 quod
1578 4633 1641 4708 sibi
1667 4652 1768 4708 esser
1803 4627 1946 4732 marda-
