4392 5838
536 698 609 800 228
685 649 687 655 i

563 840 630 904 cepe
649 819 686 884 ad
705 837 814 886 annunt
833 830 968 906 quartum
990 818 1135 886 decimam
1151 818 1351 907 pervenisset,
1372 822 1532 896 oratoreri
1562 807 1647 906 atque
1676 821 1817 886 Pisana:

565 941 728 989 soresmos
748 927 859 990 huead
880 947 932 990 nos
954 929 1096 997 mitteret.
1117 929 1168 1008 qui
1188 949 1255 1010 cum
1276 929 1352 990 dieta
1371 929 1564 992 illustrissima
1594 932 1696 988 Sorore
1717 942 1817 986 nostre

562 1030 704 1093 solemnia
733 1031 879 1114 sponsalia
899 1053 949 1116 per
970 1034 1055 1094 verba
1074 1033 1112 1093 de
1125 1018 1274 1114 ¹praesenti
1295 1031 1465 1094 conficeret.
1486 1032 1576 1114 Quod
1597 1050 1665 1092 cum
1687 1050 1746 1091 non
1777 1045 1822 1088 es-

564 1151 609 1196 set
630 1133 665 1194 ab
684 1135 811 1214 ejusdem
832 1135 1019 1200 illustrissimi
1042 1140 1080 1200 D.
1102 1137 1244 1220 Principis
1265 1135 1519 1200 Gubernatoribur
1538 1129 1737 1202 obseivatum,
1760 1149 1822 1191 rur·

560 1257 611 1300 sus
632 1257 709 1300 anno
729 1239 887 1322 superiori,
909 1261 976 1302 cum
1002 1239 1079 1324 apud
1110 1243 1237 1303 Insulam
1263 1243 1405 1327 oppidum
1433 1259 1571 1304 essemus.
1598 1237 1665 1298 huic
1687 1236 1730 1296 rei
1756 1233 1821 1294 diss

561 1342 777 1424 quintadecima
797 1344 869 1404 Maii
890 1345 1023 1427 proxime
1043 1345 1190 1429 praeteriti
1210 1341 1267 1407 fuit
1288 1346 1361 1408 inter
1374 1367 1426 1408 nos
1441 1346 1555 1415 ditius,
1575 1361 1660 1426 atque
1681 1341 1727 1402 lrlc
1745 1359 1817 1422 quo·

562 1465 621 1527 que
640 1445 674 1506 ab
695 1446 800 1507 iisdem
822 1450 860 1523 D.
886 1448 1030 1532 Principis
1051 1449 1318 1522 Gubernatoribus,
1338 1471 1502 1536 quanquam
1523 1471 1607 1532 saepe
1628 1471 1644 1510 a
1666 1445 1749 1508 nobis
1770 1441 1820 1504 ad·

562 1549 702 1620 monitis,
724 1571 757 1612 ac
778 1551 884 1634 rogatis
904 1550 960 1615 fuit
990 1555 1154 1638 negledus.
1182 1556 1366 1639 Quapropter
1393 1555 1469 1617 dieta
1500 1552 1695 1616 illustrissima
1721 1565 1822 1610 nostra

562 1653 669 1727 Soror,
688 1654 899 1716 consultatione
921 1654 1036 1728 habita,
1062 1657 1204 1740 quidquid
1225 1681 1276 1742 per
1296 1662 1434 1722 eumdem
1465 1677 1598 1720 nostrum
1626 1660 1742 1719 Patrem
1767 1669 1824 1714 suo

561 1759 681 1822 nomine
702 1779 770 1820 cum
792 1761 943 1844 praedidis
965 1765 1002 1823 D.
1024 1763 1166 1846 Principis
1194 1763 1445 1826 Gubernatoribus
1474 1763 1568 1824 adum
1597 1759 1694 1822 fuerat
1723 1776 1821 1818 coram

566 1862 689 1924 Notario
710 1863 827 1948 publico
847 1871 877 1924 δε
896 1863 1015 1928 testibus
1031 1889 1062 1930 se
1082 1867 1260 1939 rescindere,
1283 1889 1315 1930 ac
1335 1869 1449 1930 irritum
1472 1867 1574 1928 habere
1591 1879 1747 1948 protestata
1760 1875 1824 1922 est.

560 1965 661 2048 anue
678 1987 710 2028 re
728 1967 868 2030 dissoluta
887 1969 965 2032 disto
985 1973 1172 2034 Serenissimo
1201 1975 1376 2034 Francorum
1400 1971 1476 2055 Regi
1494 1987 1542 2032 est
1567 1967 1766 2052 desponsata,
1793 1969 1824 2024 δι

559 2069 783 2134 matrimonium
806 2094 857 2157 per
877 2073 1004 2150 ejusdem
1028 2077 1116 2160 Regis
1137 2075 1341 2138 Procuratores
1362 2084 1418 2150 jam
1441 2073 1640 2138 contradam:
1673 2089 1737 2152 quo
1759 2067 1825 2130 vin·

560 2175 631 2239 culo
650 2195 711 2238 non
732 2175 897 2240 dubitamus
919 2177 1125 2249 sinceriorem,
1146 2187 1173 2240 ει
1194 2181 1418 2244 constantiorem
1441 2179 1517 2241 inter
1537 2197 1626 2244 eum,
1645 2181 1674 2234 dr
1703 2175 1756 2234 n'os
1776 2191 1828 2254 pa·

558 2299 625 2342 cem
645 2275 789 2353 fixturam,
812 2281 959 2368 adquam
986 2283 1106 2366 quidem
1136 2283 1252 2346 crebrae
1279 2284 1482 2367 studiosaeque
1510 2285 1636 2342 Vestrae
1662 2275 1829 2340 Sanffitatis

463 2440 467 2452 ,
555 2384 793 2453 exhortationes.
814 2392 843 2447 da
864 2386 1061 2449 demonstrata
1092 2387 1175 2450 nobis
1196 2389 1231 2450 ab
1259 2411 1292 2451 ea
1322 2388 1441 2450 nomine
1467 2387 1552 2448 istius
1580 2383 1699 2446 Sandae
1722 2381 1825 2454 Sedit,

556 2489 649 2551 ruodo
670 2510 771 2552 vetum
793 2491 882 2554 etiam
903 2491 995 2554 totius
1014 2492 1197 2554 Christianae
1217 2493 1390 2575 reipublicae
1413 2491 1524 2554 utilitas
1545 2509 1597 2550 nos
1618 2490 1650 2550 in
1662 2487 1764 2572 primis
1776 2485 1826 2550 ad·

555 2590 725 2664 duxerunt:
745 2615 779 2657 ea
799 2615 866 2657 sane
887 2617 960 2680 spe,
985 2613 1018 2659 ut
1038 2617 1099 2658 uon
1119 2615 1236 2658 tantum
1259 2611 1379 2662 nostra.
1401 2594 1452 2658 sed
1472 2601 1502 2655 δι
1521 2596 1655 2656 omnium
1676 2591 1828 2656 Christia-

554 2715 664 2762 norum
684 2719 763 2762 arma
784 2700 848 2782 plur
870 2700 963 2763 nimio
983 2701 1016 2764 in
1038 2717 1150 2764 mutuas
1171 2699 1273 2762 caedes
1292 2717 1415 2784 grassata
1429 2697 1682 2780 linemaliquando
1700 2693 1828 2768 iaciant,

557 2805 590 2862 dt
610 2803 646 2865 in
665 2799 828 2866 Christiani
847 2805 976 2878 nominis
996 2805 1092 2869 hostes
1112 2821 1336 2875 convertantur,
1360 2805 1414 2889 qui
1434 2803 1574 2865 fraternas
1595 2817 1706 2863 nostras
1725 2795 1829 2862 caedes

506 2990 513 3002 ἱ
555 2903 628 2970 laeti
648 2907 828 2973 arridentes
849 2911 999 2995 spedant,
1019 2917 1048 2972 ar
1067 2931 1122 2972 nos
1142 2931 1180 2974 eo
1209 2909 1313 2972 melius
1342 2930 1405 2972 rem
1433 2909 1489 2970 sibi
1517 2927 1638 2993 gerere,
1672 2927 1707 2968 ac
1736 2903 1829 2988 magis

554 3026 674 3076 strenue
693 3013 751 3077 sibi
771 3013 913 3087 militare,
935 3033 996 3097 quo
1015 3015 1139 3078 atrocius
1159 3015 1192 3078 in
1214 3016 1280 3099 ipsa
1310 3032 1410 3076 nostra
1440 3013 1550 3075 viscera
1570 3011 1734 3078 saevimus,
1756 3006 1828 3068 arbi-

560 3106 692 3178 tr'mur.
711 3115 837 3178 Proinde
858 3119 994 3181 Vestram
1015 3119 1201 3181 Sanditatem
1221 3117 1312 3180 etiam
1334 3135 1419 3200 atque
1441 3117 1529 3180 etiarn
1551 3131 1685 3181 oramus,
1704 3105 1828 3191 utquotl

557 3211 737 3282 melimine
763 3219 905 3302 cogitarit
925 3227 954 3280 ει
975 3219 1097 3284 feliciter
1118 3221 1215 3305 coepit
1235 3223 1324 3285 etiam
1347 3221 1505 3284 uniuersali
1525 3219 1591 3304 paci
1608 3212 1829 3299 componendae

558 3332 640 3377 nunc
661 3319 788 3384 maxime
807 3322 918 3396 marat,
941 3325 1101 3410 divinoque
1122 3347 1176 3389 suo
1197 3325 1338 3396 consilio,
1361 3341 1413 3386 aut
1434 3321 1612 3391 hortatione,
1633 3326 1662 3380 δι
1682 3334 1828 3402 quantum

558 3418 640 3482 valet
660 3423 792 3506 precibus
810 3427 886 3492 sicut
907 3428 985 3514 apud
1005 3451 1059 3493 nor
1080 3428 1167 3500 facit,
1188 3431 1229 3493 ita
1251 3421 1329 3516 apud
1348 3446 1459 3492 ceteros
1479 3427 1660 3491 Christianos
1679 3421 1831 3502 Principes

557 3540 646 3604 agat,
665 3546 834 3614 summaque
854 3533 886 3594 ri
906 3535 940 3598 in
961 3549 1024 3596 tarn
1044 3535 1239 3621 praeclarum,
1261 3541 1289 3596 δι
1311 3551 1374 3596 tam
1395 3537 1498 3594 Vestra
1515 3529 1672 3594 <ruditate
1687 3527 1830 3610 dignum,

559 3621 800 3714 christianaeque
826 3623 920 3720 neip?
933 3636 1115 3702 salutiferum
1146 3661 1219 3724 opus
1250 3639 1418 3712 adnitatur,
1445 3659 1508 3721 quo
1531 3631 1727 3721 pulcherrima
1755 3625 1831 3694 illas

508 3737 509 3742 ’
559 3717 705 3801 *ΟὼἿΜ
736 3735 852 3802 murinus
868 3761 982 3824 semper
1002 3764 1020 3806 a
1040 3743 1125 3806 nobis
1144 3761 1244 3828 optata
1265 3743 1404 3807 adversus
1422 3741 1557 3806 infideles
1583 3733 1736 3820 expeditio
1761 3745 1832 3790 con·

561 3823 700 3888 ‘mdlbm'
717 3841 768 3882 ⁰¹¹¹
897 3844 1104 3911 latissimorum
1125 3850 1230 3921 armis,
1253 3849 1421 3934 animisque
1444 3846 1642 3928 suscipiatur,
1663 3832 1747 3920 quod
1777 3845 1830 3892 aue

561 3929 619 3998 ωδ
638 3932 743 3990 vem
761 3923 933 3994 sanfflmoe‘
1149 3953 1181 4012 lo
1201 3955 1262 4015 alio
1290 3953 1438 4018 Pontifiee
1466 3949 1602 4015 Maximo
1627 3961 1681 4008 nos
1709 3938 1826 4000 visat&

564 4051 712 4120 speramus
729 4074 738 4091 .
755 4031 869 4092 -Datum
889 4031 953 4087 ece.
1564 4041 1623 4052 --.
1639 4031 1659 4044 .-

482 4137 553 4224 (39)
571 4139 685 4201 Hancne
706 4137 871 4214 nuptiarum
889 4153 988 4195 caussa
1009 4133 1142 4197 Julianus
1163 4135 1194 4199 in
1216 4135 1351 4202 Galliam
1369 4157 1446 4202 enno
1466 4155 1552 4217 ¹5¹5·
1576 4137 1732 4202 concessit.
1752 4134 1831 4218 diei

564 4245 615 4304 aaa
634 4241 801 4303 franciscas
821 4241 908 4310 Rex,
927 4253 960 4299 tet
977 4259 1016 4302 ere
1035 4241 1139 4301 litteris
1160 4240 1302 4306 ludovici
1321 4245 1464 4309 canossae
1484 4223 1612 4323 intelligi
1631 4255 1751 4318 potest,
1773 4237 1829 4300 sti·

565 4368 629 4413 mar
647 4363 732 4410 muto
751 4345 793 4407 tal
813 4341 986 4430 parentatio,
1006 4358 1116 4426 quanto
1134 4363 1167 4408 se
1185 4343 1205 4406 1·
1215 4345 1334 4413 huerse
1350 4368 1409 4413 con
1428 4351 1498 4436 qual
1518 4351 1545 4413 ri
1564 4349 1663 4434 voglia
1692 4342 1827 4432 grandis·

564 4453 642 4516 suno
661 4450 799 4533 Principe
818 4469 840 4509 o
859 4451 924 4510 Re.
945 4449 1063 4531 Quanta
1082 4469 1148 4512 sero
1167 4450 1342 4514 liberalitate
1361 4475 1426 4516 usus
1442 4453 1535 4534 faerit
1553 4453 1692 4528 Pontifex
1712 4451 1744 4512 in
1758 4447 1827 4524 fra·

472 4559 475 4566 ’
565 4569 636 4615 arem
657 4550 693 4617 θ’
713 4556 774 4636 ep'ras
794 4573 926 4624 uxorem,
951 4573 989 4614 ex
1008 4553 1114 4616 fitteris
1143 4555 1262 4617 Dositii
1295 4557 1457 4618 carrinatis
1485 4559 1528 4618 ad
1553 4555 1705 4616 Iulianum
1733 4552 1829 4626 ipsam

565 4671 705 4739 ‘mm-
727 4659 826 4739 lupun
850 4661 929 4742 ipsas
948 4674 1056 4748 quanto
1076 4658 1105 4729 ai
1125 4654 1298 4745 foroiuenti
1316 4657 1394 4727 della
1414 4679 1478 4729 casa
1494 4657 1527 4728 xi
1545 4655 1610 4724 fars
1629 4653 1706 4726 assai
1726 4669 1834 4720 maxe»
