4372 5842
647 705 712 778 190
1055 697 1081 764 L
1131 699 1157 768 E
1206 700 1238 766 Ο
1287 699 1317 766 Ν
1362 699 1376 766 Ι
1430 695 1452 764 S
1525 693 1565 761 X.

590 835 712 902 expers
739 811 842 886 fuisse
868 807 1032 898 videtur)
1055 819 1096 888 ab
1121 843 1230 911 eoque
1256 817 1385 888 donum
1411 815 1595 904 accepisset
1630 829 1777 904 quatuor
1810 805 1921 877 libre·

588 961 660 1020 rnm
686 939 726 1007 de
749 941 870 1008 Arnore
897 939 1057 1022 Divino,
1084 963 1171 1030 quos
1198 941 1323 1009 Romae
1343 963 1394 1008 au.
1414 913 1555 1007 moxv'J.
1577 933 1754 1025 vulgavit,
1778 925 1931 1020 philoso-

589 1058 731 1144 phorum
757 1061 893 1128 nomine
920 1082 979 1128 eos
1007 1059 1240 1129 tantummodo
1267 1057 1484 1148 appellandos
1509 1054 1757 1133 contendebat,
1773 1051 1848 1154 ¹qui
1881 1047 1920 1119 il·

587 1175 652 1244 iius
678 1178 831 1267 exemplo
855 1181 1032 1252 studerent
1058 1183 1208 1250 omnium
1234 1202 1344 1252 rerum
1360 1177 1550 1248 divinarum
1576 1193 1679 1272 atque
1704 1174 1927 1243 humanarum

585 1296 680 1379 uim,
706 1319 861 1370 naturam
886 1325 1091 1394 caussasque
1118 1325 1238 1386 nosse,
1265 1308 1297 1374 δι
1325 1279 1458 1369 omnem
1484 1297 1569 1369 bene
1595 1293 1736 1367 vivendi
1762 1293 1928 1365 rationem

590 1414 706 1487 ten'ere
735 1443 773 1488 ac
801 1423 976 1512 persequi.
1385 1415 1388 1422 ¹

589 1631 592 1636 1
685 1540 734 1608 Ac
761 1541 842 1609 mibi
868 1543 1000 1633 quidem
1027 1567 1125 1632 saepe
1152 1566 1292 1614 numero
1318 1543 1351 1610 in
1379 1561 1527 1610 summos
1556 1537 1712 1608 homines
1727 1581 1740 1616 ,
1763 1556 1802 1604 ac
1827 1555 1930 1603 sum·

585 1659 648 1728 mis
676 1660 819 1751 ingeniis
855 1663 1051 1749 praeditos,
1079 1665 1135 1754 qui
1168 1666 1206 1734 iis
1243 1665 1448 1753 temporibus
1482 1659 1710 1738 floruerunt,
1752 1653 1926 1736 intuenti,

584 1781 813 1871 quaerendum
834 1804 908 1853 esse
933 1785 1042 1854 visum
1070 1805 1140 1868 est,
1163 1811 1223 1856 cur
1249 1784 1360 1876 plures
1387 1783 1422 1850 in
1440 1781 1629 1852 mitioribus
1653 1777 1796 1854 litteris,
1825 1797 1925 1866 quam

582 1900 616 1968 in
640 1901 851 1989 gravioribus
876 1903 1062 1994 disciplinis
1083 1905 1288 1976 excellentes
1317 1903 1521 1986 extiterint,
1548 1923 1610 1970 nec
1630 1921 1712 1968 sane
1727 1917 1926 1987 quemquam

585 2017 670 2109 fugit
694 2023 835 2110 studiis,
860 2049 946 2116 quae
974 2026 1043 2098 sere
1067 2029 1250 2098 reconditis
1276 2047 1377 2117 atque
1407 2021 1528 2092 abditis
1551 2045 1570 2090 e
1594 2019 1747 2088 sontibus
1763 2015 1926 2085 hauriun-

583 2159 664 2221 tur,
691 2167 812 2234 magna
837 2168 972 2249 quoque
998 2149 1147 2235 praemia
1181 2147 1358 2238 proposita
1394 2139 1521 2213 luisse.
1558 2139 1645 2211 illud
1678 2139 1810 2230 quidem
1846 2157 1925 2205 vere

581 2260 647 2330 dici
674 2285 773 2350 posse
799 2266 934 2336 videtur
965 2268 1076 2358 plures
1103 2286 1161 2338 aut
1185 2271 1310 2362 majore
1337 2263 1588 2346 deledlatione‚
1616 2281 1674 2332 aut
1700 2283 1759 2346 spe
1783 2259 1925 2328 uberio-

580 2405 643 2467 re,
669 2402 728 2452 aut
753 2388 907 2471 praemiis
935 2387 1151 2479 amplioribus
1178 2405 1368 2460 commotos
1395 2385 1499 2458 luisse
1525 2384 1566 2454 ad
1602 2383 1822 2452 humaniores
1858 2379 1924 2449 lit·

579 2522 669 2573 teras
694 2504 921 2592 excolendas,
949 2507 1129 2600 inquibus
1154 2511 1247 2601 quod
1288 2529 1427 2600 perraro
1466 2506 1619 2575 exoritur
1645 2491 1779 2594 'aliquis
1815 2496 1924 2569 excel·
1966 2535 1969 2541 ·

579 2621 680 2705 leus,
712 2626 843 2712 cundi,
868 2627 927 2717 qui
952 2619 1196 2718 landis'cupidi
1234 2649 1361 2714 erant,
1398 2627 1513 2700 studio
1553 2625 1647 2696 omni
1683 2621 1725 2694 ad
1760 2643 1818 2691 eas
1858 2619 1922 2690 sibi

579 2748 824 2834 comparandas
851 2747 1045 2816 enitendum
1070 2750 1257 2840 putabant.
1284 2749 1564 2822 Recordabautur
1592 2745 1717 2821 saelum
1754 2767 1813 2834 per
1837 2763 1921 2822 eas,

577 2883 615 2935 ut
639 2865 715 2936 Itali
740 2867 953 2954 barbariem,
980 2895 1047 2960 qua
1073 2894 1130 2959 per
1156 2887 1209 2940 tot
1235 2870 1370 2941 saecula
1396 2893 1466 2938 non
1501 2871 1601 2938 modo
1629 2863 1769 2944 afflicti,
1785 2859 1845 2930 sed
1861 2881 1921 2947 op·

575 2987 682 3072 pressi
709 2985 872 3073 suerunt,
898 2992 1081 3076 exuerint,
1105 2993 1254 3084 dumque
1280 2989 1475 3078 repetebam
1502 2987 1661 3057 memoria
1678 2987 1847 3068 Dantem,
1873 3005 1918 3052 a·

577 3102 707 3197 liosque
733 3125 849 3195 poetas
877 3113 910 3179 δι
936 3129 1119 3197 oratores,
1144 3112 1300 3203 quamvis
1325 3111 1431 3180 totius
1457 3109 1595 3180 rationis
1621 3107 1779 3198 ignaros,
1804 3125 1919 3194 quan·

574 3243 647 3296 tum
673 3228 810 3319 ingenio
837 3233 871 3300 δι
908 3231 1112 3321 cogitatione
1151 3249 1344 3322 poterant,
1377 3249 1582 3300 consecutos
1624 3228 1729 3297 fuisse
1768 3221 1916 3294 nominis

573 3348 881 3430 immortalitatem,
909 3373 949 3418 eo
976 3350 1081 3440 magis
1107 3351 1169 3420 sibi
1197 3351 1231 3421 in
1256 3351 1310 3420 his
1351 3351 1474 3420 studiis
1518 3349 1760 3421 elaborandum
1794 3343 1936 3416 existi··

569 3469 730 3550 mebant,
754 3467 866 3558 quod,
894 3469 1022 3557 apertis
1049 3470 1228 3540 uberrimis
1252 3474 1462 3542 Graecorum
1505 3472 1769 3560 Latinorumque
1812 3466 1918 3536 sonti·

571 3585 657 3670 bus,
684 3587 940 3658 exercitationis
966 3589 1056 3656 viam
1082 3594 1115 3658 u
1142 3607 1324 3680 praecepta
1351 3593 1431 3661 artis
1458 3593 1656 3667 novissent.
1681 3591 1786 3658 Erunt
1811 3586 1915 3656 etiam

572 3703 760 3776 industriae
786 3705 962 3784 &laboris
989 3709 1116 3780 stimuli
1144 3709 1250 3798 ipsius
1276 3707 1444 3780 Pontificis
1471 3733 1606 3789 voces,
1637 3711 1695 3802 qui
1735 3709 1776 3778 de
1820 3703 1914 3776 nulla

569 3847 607 3894 te
633 3824 790 3900 libentius
816 3823 1040 3917 loquebatur,
1067 3829 1235 3917 quamde
1262 3831 1547 3902 mansuetioribus
1575 3831 1702 3912 Musis,
1724 3826 1815 3897 illam
1843 3848 1916 3895 sae·

571 3969 613 4034 pe
641 3947 675 4015 in
702 3970 760 4018 ore
786 3948 915 4018 habens
942 3947 1116 4018 Ciceronis
1141 3951 1365 4029 sententiam:
1393 3949 1456 4021 boe
1496 3949 1752 4021 adolescentium
1785 3945 1912 4026 alunt,

570 4065 765 4138 seueriorem
787 4067 973 4154 obleciortt,
999 4069 1163 4141 secundos
1189 4093 1241 4140 res
1277 4087 1421 4154 omont,
1456 4069 1615 4143 aduersis
1644 4069 1846 4168 perfugium·
1879 4061 1911 4135 Er

569 4189 723 4262 solatium
745 4189 928 4284 praebent,
948 4192 1149 4286 pertrutinat
1169 4190 1360 4278 nobiscum,
1381 4194 1659 4286 peregrinantur,
1687 4192 1912 4261 rusticamur.

567 4312 637 4384 Eae
663 4311 816 4403 quidem,
848 4309 904 4382 uel
938 4331 1117 4402 antequam
1143 4311 1386 4392 'Pontificatum
1424 4313 1611 4384 Maximum
1647 4313 1837 4386 obtineret,
1876 4309 1912 4378 in

567 4429 656 4501 illius
684 4431 820 4500 aedibus
846 4431 1051 4501 domicilium
1078 4431 1266 4516 collocasse
1291 4432 1514 4520 videbantur,
1554 4437 1585 4500 ἃ
1629 4457 1729 4506 nemo
1763 4433 1911 4522 ipsarum

563 4547 671 4647 gloria
698 4551 813 4626 clarus
839 4553 980 4623 Romam
1006 4552 1238 4643 adventabat,
1263 4553 1345 4646 quin
1370 4553 1485 4624 statim
1520 4549 1614 4628 illum
1651 4553 1695 4626 ad
1719 4575 1754 4626 se
1780 4577 1815 4625 se
1840 4577 1934 4625 ar·-
