4392 5838
1565 763 1635 842 302

432 872 599 936 trasitium
619 871 920 937 adamasseuidetut,
943 857 978 931 ti·
999 881 1095 928 estant
1116 867 1234 927 litterae
1255 867 1334 926 illius
1354 869 1392 926 ad
1411 869 1583 928 Leonatdum
1604 868 1681 930 Lau.

432 977 563 1036 retianum
590 975 768 1036 Venetiarurrt
793 975 971 1050 Principem,
995 975 1143 1049 inquibus
1165 975 1329 1032 mentionem
1347 973 1421 1050 facit
1442 973 1584 1052 cujusdam
1610 993 1683 1030 sunt·

431 1081 473 1140 mi
491 1080 577 1156 pretii
597 1079 759 1152 adamantis
776 1099 795 1134 a
815 1075 895 1136 Julio
917 1077 959 1136 Il.
981 1079 1116 1156 coempti,
1137 1097 1216 1154 quem
1241 1097 1399 1152 recuperare
1421 1078 1532 1136 omnino
1547 1077 1681 1136 nolebat.

346 1179 437 1260 (atq)
464 1181 537 1244 ttae
557 1181 673 1244 Noram
694 1179 861 1242 litterariam
886 1181 970 1239 maris
992 1179 1113 1240 Balthici
1134 1185 1161 1238 δι
1183 1177 1389 1260 septentrionis
1408 1199 1472 1261 pag.
1497 1189 1563 1257 348.
1584 1179 1686 1242 Multa

431 1297 496 1345 sunt
521 1287 585 1345 alia
612 1300 788 1345 monumenta
819 1287 906 1343 studii
931 1284 1073 1362 Pontifitis
1103 1288 1142 1344 ad
1172 1287 1369 1364 comparandos
1398 1287 1528 1362 antiquos
1556 1287 1687 1358 codices,

431 1410 504 1468 quae
524 1389 636 1466 singula
666 1409 801 1449 recensere
822 1392 936 1449 nrinime
970 1391 1153 1448 necessarium
1185 1391 1371 1448 arbitramur.
1401 1390 1627 1465 Lagomarsinius
1652 1389 1684 1446 in

435 1497 512 1556 notis
544 1494 583 1551 ad
612 1495 737 1570 Pogiani
758 1495 905 1567 Epistolas
927 1494 1095 1553 mentionem
1113 1494 1185 1571 fissit
1210 1495 1365 1554 litterarum
1387 1494 1487 1555 Leonis
1510 1493 1686 1570 recuperandi

437 1619 538 1660 caussa
555 1600 607 1657 duo
630 1597 740 1657 Graeca
762 1599 904 1658 solumina
927 1618 1023 1657 sacrae
1045 1597 1148 1657 lilliae
1170 1595 1308 1657 Ximenio
1329 1599 1477 1658 cardinali
1492 1599 1686 1659 commodata.

359 1697 445 1782 (114)
465 1702 602 1778 Georgius
631 1703 766 1763 Vasatius
789 1705 817 1761 in
840 1705 899 1760 vita
921 1701 1041 1759 Antonii
1058 1701 1188 1776 Sangalli
1211 1703 1255 1759 uit
1274 1703 1308 1760 de
1331 1701 1507 1766 Hadriano,
1528 1701 1580 1760 clre
1593 1719 1684 1782 spreu-

432 1803 524 1867 tando
546 1821 619 1866 tutte
640 1805 666 1866 le
685 1805 778 1866 buone
799 1805 905 1888 pitture
926 1827 941 1864 e
963 1821 1072 1872 statue,
1095 1805 1121 1862 le
1139 1802 1286 1864 clriamava
1309 1802 1424 1864 lascivis
1446 1797 1494 1862 del
1518 1803 1644 1870 mondo,
1667 1817 1685 1858 e

434 1930 500 1970 cose
520 1909 704 1970 obbtobrlose
725 1909 761 1968 ed
782 1909 994 1968 abominevoli.
1015 1908 1126 1968 Narrat
1146 1911 1232 1968 etiarn
1253 1910 1444 1988 Hieronymus
1465 1908 1584 1986 Nigrior
1602 1907 1686 1966 Mar.

432 2035 465 2074 to
486 2011 611 2073 Antonio
633 2013 774 2074 listtbelio
794 2033 864 2082 suo,
896 2015 1001 2073 dixisse
1022 2015 1202 2074 Hadrianum
1227 2015 1510 2100 cuidant'ostendenti
1542 2014 1590 2072 illi
1612 2013 1689 2072 Lao·

433 2118 538 2177 toontis
559 2132 699 2176 statuant:
725 2137 827 2198 apage:
858 2135 926 2178 sunt
947 2117 1024 2179 idola
1047 2118 1250 2200 antiquorum:
1275 2121 1384 2176 Lettcre
1407 2115 1453 2176 de'
1473 2117 1601 2200 Principi
1621 2136 1639 2178 o
1660 2122 1686 2178 a'

434 2219 583 2306 Principi.
604 2221 675 2280 Noli
697 2241 762 2279 uero
782 2241 913 2295 quaerere
937 2211 1041 2298 quanto
1062 2226 1218 2287 cumulatus
1235 2224 1324 2301 fiterit
1343 2225 1449 2302 gaudio
1478 2225 1553 2293 Leo,
1576 2226 1685 2300 quanto

436 2339 530 2388 statua
557 2325 612 2386 illa
634 2327 662 2385 in
687 2325 749 2383 Titi
782 2325 909 2384 Caesaris
924 2326 1062 2394 ¹Tltermt's
1083 2347 1128 2384 an.
1153 2334 1229 2398 1506
1262 2328 1373 2388 inventa
1391 2327 1464 2402 suit,
1487 2347 1569 2402 quarn
1591 2327 1688 2386 statim

436 2448 469 2488 at
490 2427 628 2503 Pontifex
642 2425 735 2502 satius
756 2445 798 2488 est
817 2445 977 2486 ornamento
998 2433 1108 2504 aedium
1130 2429 1338 2506 Pontifitiaruna
1359 2431 1528 2488 destinavit.

356 2535 405 2615 (tt
414 2535 444 2612 5)
466 2535 502 2592 tt
524 2535 612 2610 ipsum
633 2533 774 2610 confirmat
797 2532 931 2606 Ropltael
956 2533 1184 2603 Brandolinius‚
1205 2535 1351 2610 inquiens:
1371 2531 1560 2616 ingenuarum
1582 2531 1688 2596 attium

436 2657 468 2696 ac
490 2637 637 2718 utriusque
660 2637 773 2722 linguae
794 2637 943 2697 sectatores
970 2637 1170 2718 studiososque
1191 2650 1250 2694 tam
1279 2617 1418 2718 benique,
1444 2641 1471 2692 δι
1492 2652 1551 2694 tam
1572 2655 1608 2694 ex
1629 2636 1689 2696 ani·

433 2735 720 2820 mocomplellitur‚
742 2757 854 2797 utnon
876 2737 963 2798 modo
997 2737 1041 2797 vel
1065 2737 1118 2797 Pio
1139 2739 1178 2796 Il.
1210 2737 1269 2796 vel
1291 2737 1412 2796 Nicolao
1442 2738 1481 2795 V.
1511 2737 1560 2798 sed
1590 2738 1691 2798 ceteris

433 2841 587 2909 omnibus,
608 2841 658 2923 qui
681 2840 779 2902 multis
800 2846 856 2918 jam
879 2839 961 2926 annis
981 2839 1131 2900 clarissimi
1153 2841 1331 2910 extiterunt,
1353 2839 1541 2903 Pontificibus
1558 2839 1688 2904 hocuno

435 2946 612 3008 liberalitatis
633 2949 661 3004 δε
681 2941 895 3006 munificentiae
916 2964 1019 3028 genere
1041 2946 1225 3027 praestitutus
1246 2945 1395 3007 uideatur.
1551 2927 1554 2932 ¹

355 3047 443 3130 (ιιι)
465 3051 513 3108 Ita
535 3051 613 3109 ittet
633 3049 779 3109 Sincsrum
800 3046 870 3106 adeo
892 3054 918 3107 δι
940 3068 1003 3109 acro
1023 3029 1066 3109 est
1087 3051 1163 3110 illius
1185 3050 1341 3129 judicium,
1363 3068 1396 3112 ut
1417 3051 1459 3111 nil
1480 3051 1536 3113 nisi
1557 3051 1689 3112 eradunt

436 3172 606 3235 summaque
625 3153 767 3216 industria
788 3154 963 3216 elaboratum
985 3145 1110 3236 probet,
1131 3155 1192 3216 sire
1213 3155 1322 3218 Latinis
1355 3155 1489 3218 mandata
1520 3175 1698 3217 monumen·=

437 3257 476 3318 tis
496 3259 659 3327 examinet,
681 3256 742 3316 sire
754 3257 872 3318 Graecis
892 3257 996 3318 tradita
1024 3258 1185 3340 expendat.
1206 3259 1331 3322 Memini
1351 3259 1505 3344 equidem,
1525 3279 1624 3340 neque
1639 3275 1691 3319 un-

436 3381 522 3442 quam
544 3363 576 3424 in
597 3363 657 3422 vita
675 3361 847 3430 obliviscar,
868 3383 934 3422 cum
951 3361 1141 3444 superioribus
1162 3363 1354 3444 temporibus,
1378 3365 1479 3432 inulti,
1496 3362 1599 3448 quibus
1619 3381 1687 3421 cum

435 3464 540 3526 litteris
561 3471 589 3526 δι
611 3466 701 3525 musis
722 3481 782 3525 erat
802 3463 919 3547 aliquod
939 3465 1159 3535 commercium,
1187 3469 1291 3550 Angeli
1323 3468 1433 3528 Colotii
1462 3464 1686 3528 eminentissimi

435 3569 568 3654 ingenii,
588 3569 699 3652 virique¹
721 3570 849 3650 apprime
866 3568 976 3630 eruditi
997 3568 1102 3632 laribus
1122 3563 1241 3654 digressi
1261 3575 1292 3631 in
1313 3571 1485 3632 bibliotheca
1496 3571 1545 3630 illa
1558 3567 1691 3630 Medicce-

435 3675 596 3746 cubemus,
618 3691 725 3757 quanta
746 3673 904 3737 subtilitate
926 3676 1089 3755 mentisque
1110 3674 1141 3733 si
1162 3695 1222 3736 non
1244 3695 1341 3736 sensus
1363 3675 1451 3735 modo
1480 3693 1597 3740 sorum,
1618 3691 1690 3753 quae

418 3777 660 3848 dissereremus,
682 3778 839 3840 sedetiam
870 3778 956 3840 rerba
987 3779 1100 3862 singula
1119 3777 1331 3843 consideraret,
1353 3783 1378 3836 St
1401 3783 1590 3860 quamsaepe
1620 3777 1694 3834 intc-

436 3880 559 3944 rioribus
580 3882 750 3963 quibusdam
771 3881 875 3942 litteris
897 3885 924 3939 R
947 3883 1048 3944 altiore
1077 3883 1206 3942 dostrina
1228 3901 1326 3942 secum
1358 3901 1524 3963 congressus
1555 3897 1692 3940 verecun-

437 3986 490 4046 dos
511 3983 631 4055 faceret,
653 4003 686 4044 ea
707 3984 847 4042 modestia
869 3981 1132 4066 significationcque
1153 3984 1289 4052 virtutis,
1312 4001 1345 4044 ut
1364 3983 1447 4046 facite
1468 3984 1629 4059 dostrinaqn
1651 3977 1691 4038 ad

437 4111 556 4152 amnem
584 4091 678 4172 legens
704 4087 801 4157 uitae,
829 4106 890 4146 non
920 4087 956 4148 ad
984 4089 1208 4150 ostentationem
1240 4089 1422 4153 constituisse
1454 4107 1555 4150 onmes
1582 4085 1691 4168 judica·

439 4213 553 4256 remus.

355 4297 441 4382 (¹17)
464 4299 557 4358 Aldus
578 4298 637 4374 ipse
658 4297 754 4356 retulit
774 4300 804 4358 in
825 4299 945 4364 librum,
967 4300 1016 4376 qui
1038 4299 1199 4360 inscribitur
1218 4297 1401 4380 Cornucopia
1423 4294 1525 4378 Pyrrhi
1557 4295 1690 4365 Potoni,

429 4403 497 4486 ¹sine
517 4401 724 4464 commentaria
744 4403 858 4486 linguae
875 4402 1006 4474 Latinae,
1028 4405 1137 4481 litteras
1159 4405 1281 4472 Leonis,
1303 4405 1421 4482 scriptas
1442 4423 1488 4460 an.
1509 4421 1598 4478 15¹3·
1629 4403 1691 4477 qui·

439 4508 487 4568 lut
503 4509 619 4569 vetabat
639 4509 738 4568 trenam
761 4510 883 4586 imprimi
906 4509 1026 4570 Graecos
1048 4500 1083 4571 ὁ·
1103 4508 1220 4568 Latinos
1241 4510 1406 4585 scriptores,
1436 4512 1484 4584 qui
1521 4529 1559 4569 ets
1580 4507 1687 4566 Aldina

434 4611 622 4692 typographio
641 4613 830 4690 prodierant.
856 4613 897 4671 Ut
916 4631 980 4674 vero
999 4629 1110 4690 grattera
1132 4615 1255 4675 animum
1277 4637 1356 4678 suam
1377 4616 1468 4678 Aldus
1491 4613 1621 4694 Pontifici
1643 4615 1689 4671 de·

433 4719 574 4788 clareret.
595 4720 684 4784 eidem
712 4720 879 4798 nuncupavit
902 4715 1050 4782 editionem
1073 4717 1221 4792 Plotsrris,
1242 4721 1303 4800 eius
1324 4722 1424 4794 laudes
1467 4721 1576 4782 Graeca
1597 4717 1690 4794 elegia
