4372 5842
655 699 724 754 sno
1061 681 1087 749 L
1134 683 1162 751 E
1210 681 1242 752 0
1290 683 1321 752 N
1369 681 1384 750 l
1431 681 1454 750 S
1526 680 1568 750 X.

606 799 745 886 tulisse,
769 816 868 893 quern
891 802 935 872 de
961 821 1048 874 auro
1070 825 1089 871 e
1113 803 1236 894 quavis
1273 801 1516 892 propemodum
1550 791 1689 870 materia
1724 793 1937 873 conficiendo

606 927 877 1014 conscripserat.
902 927 981 1017 Qut'
1006 945 1042 995 re
1066 919 1252 1005 intelledla,
1271 921 1442 992 hominem
1467 937 1586 1012 magna
1609 936 1799 1007 sperantem
1824 943 1935 994 uacua

563 1122 565 1128 ¹
608 1067 766 1116 crumena
790 1046 954 1125 donavit,
978 1049 1010 1116 St
1036 1045 1080 1115 ab
1100 1062 1137 1114 se
1159 1044 1214 1114 hls
1238 1041 1352 1114 verbis
1380 1039 1535 1120 dimisit:
1563 1039 1651 1134 [Ego
1689 1041 1818 1136 quidem
1853 1061 1937 1110 utero

563 1231 567 1239 ,
606 1185 637 1238 re
662 1167 844 1252 donarem,
878 1167 938 1238 sed
978 1187 1052 1236 curn
1089 1181 1126 1237 nt
1163 1165 1235 1256 einr
1260 1155 1418 1254 efficiendi
1441 1176 1562 1231 certum
1586 1161 1757 1233 scientiam
1775 1159 1934 1256 pollicen-

606 1310 662 1374 re,
687 1301 741 1359 snt
765 1288 883 1358 tritri
907 1283 1057 1374 luleus,
1080 1284 1138 1356 nbi
1162 1305 1279 1355 nnrnn
1302 1283 1362 1356 obs
1386 1299 1418 1356 te
1432 1277 1611 1376 confodunt
1637 1305 1797 1377 reponas.
1823 1287 1934 1375 Atque

605 1433 648 1479 ex
671 1411 737 1479 hoc
764 1431 834 1478 uno
857 1405 1009 1498 exemplo
1036 1408 1153 1502 coniici
1179 1405 1315 1499 quidem
1341 1402 1468 1494 poterit
1492 1425 1593 1494 quam
1617 1401 1745 1475 alienus
1763 1422 1850 1475 esset
1867 1407 1934 1476 Leo

607 1533 649 1602 ab
673 1528 865 1624 hujusmodi
890 1527 1162 1609 veteratoribus3
1187 1551 1250 1599 uec
1275 1549 1356 1597 sane
1382 1550 1481 1618 quem
1506 1527 1715 1612 invenisses,
1740 1525 1800 1618 qui
1823 1526 1935 1597 minus

606 1650 693 1721 dolis
716 1651 821 1740 decipi
845 1649 1028 1742 potuisset.
1053 1649 1310 1739 Reprehendere
1335 1671 1470 1740 quoque
1497 1647 1531 1718 in
1558 1669 1599 1717 eo
1624 1647 1759 1718 videtur
1793 1647 1937 1717 Leonem

607 1771 789 1854 Vasarius‚
814 1771 905 1861 quod
930 1770 1150 1842 obledlaretur
1175 1768 1397 1850 hominibus,
1419 1771 1454 1840 in
1481 1769 1747 1861 quibus'inesset
1770 1769 1868 1860 quasi
1888 1768 1939 1838 in·

605 1892 703 1962 sauia
726 1892 892 1980 quaedam
918 1913 995 1962 curn
1019 1889 1154 1981 ingenio
1191 1887 1399 1984 conjundla,
1433 1875 1539 1982 quare
1577 1909 1653 1962 curn
1683 1891 1726 1961 -ei
1763 1887 1938 1960 obtulisset

604 2015 748 2084 loannes
776 2011 942 2085 Antonius
967 2009 1124 2080 Senensis
1150 2031 1376 2102 cognomento
1402 2011 1569 2098 Sodoma,
1602 2009 1662 2104 qui
1696 2027 1769 2082 erat
1807 2009 1940 2101 quidem

604 2155 650 2206 en
674 2131 805 2202 illorum
830 2153 991 2216 nurnero,
1016 2127 1164 2200 tabulam
1189 2129 1386 2223 quamdam,
1414 2129 1449 2200 in
1474 2155 1543 2223 qua
1566 2153 1656 2202 mors
1676 2131 1851 2202 Lucretiae
1867 2117 1941 2199 erat

606 2254 732 2326 affabre
757 2269 941 2339 expressa,
961 2272 1048 2321 -non
1084 2251 1193 2320 solum
1235 2249 1330 2321 donis
1366 2247 1459 2322 illurn
1497 2269 1731 2323 remuneratus
1764 2269 1842 2336 est,
1880 2249 1939 2319 sed

604 2372 705 2444 eriam
728 2370 884 2463 Equitem
904 2374 936 2436 oc
960 2371 1124 2441 Comitem
1148 2367 1339 2443 Palatinum
1365 2373 1517 2446 creavit.
1541 2367 1670 2446 rn'hoc
1695 2369 1823 2462 pielore
1857 2369 1938 2460 quid

539 2567 547 2582 ,
603 2507 726 2569 natura
750 2495 882 2564 efficere
907 2511 1023 2580 posset
1048 2490 1186 2563 videtur
1215 2513 1383 2582 experta,
1409 2495 1467 2566 cui*
1487 2511 1565 2565 curn
1585 2493 1724 2566 nimium
1746 2493 1935 2580 tribueret,

603 2632 713 2690 artem
737 2615 785 2687 ita
808 2611 976 2706 neglexit,
1001 2631 1041 2684 ut
1078 2609 1272 2704 saepissime
1308 2613 1343 2685 in
1380 2610 1470 2684 illius
1499 2613 1656 2703 operibus
1691 2611 1940 2685 absolutionem

597 2725 913 2828 perfectionemque
936 2731 1124 2805 desideres.
1151 2731 1253 2806 Visus
1278 2753 1331 2806 est
1357 2734 1461 2806 etiam
1486 2735 1556 2805 Leo
1583 2732 1765 2824 plurimum
1790 2757 1827 2806 se
1844 2729 1941 2804 oble·

601 2851 710 2928 (lasse
734 2877 812 2928 curn
836 2851 1036 2928 Sebastiano
1061 2831 1215 2938 Veneto,
1237 2853 1274 2925 in
1299 2877 1368 2947 quo
1393 2854 1532 2926 homine
1565 2854 1674 2927 multa
1693 2873 1766 2928 erat
1791 2855 1941 2950 jucundi·

594 2992 678 3059 tas,
702 2981 735 3050 u
758 2981 899 3071 magum
933 2975 968 3048 in
992 2975 1139 3069 jocando
1164 2973 1282 3068 lepos,
1305 2977 1337 3042 δι
1362 2999 1556 3070 quanquam
1582 2974 1763 3066 plurimum
1783 2975 1834 3050 illi
1859 2999 1942 3048 con·

603 3097 739 3172 cederet
765 3095 800 3170 in
826 3093 985 3189 pingendi
1019 3101 1122 3182 ar'te,
1150 3091 1236 3168 adeo
1268 3113 1382 3168 tamen
1420 3095 1557 3167 minime
1589 3097 1751 3186 indulsit,
1786 3117 1826 3169 ut
1865 3121 1940 3170 cum

604 3215 778 3311 Raphaele
802 3215 958 3304 Sardio,
985 3211 1080 3312 quod
1103 3237 1194 3290 vana
1217 3217 1362 3312 quadan
1386 3235 1447 3312 spe
1488 3216 1666 3304 indudus,
1689 3225 1722 3292 δι
1747 3217 1939 3292 Ronarrotii

601 3359 708 3432 opera
731 3341 941 3413 sustentatus
965 3337 1210 3430 pollicebitur,
1234 3339 1278 3410 de
1303 3341 1497 3430 principatu
1529 3334 1734 3414 contendere
1767 3337 1939 3432 potuerit.

603 3455 676 3532 Nec
703 3455 887 3552 probabat,
911 3459 1004 3557 quod
1028 3451 1119 3530 lente
1144 3457 1228 3534 adeo
1249 3457 1453 3548 procederet
1486 3461 1522 3533 in
1560 3462 1721 3553 operibus
1756 3451 1940 3534 absolven-

603 3573 680 3664 dli,
707 3595 748 3651 ut
771 3587 945 3675 nunquam
970 3583 1107 3650 manum
1131 3567 1174 3650 de
1199 3578 1314 3651 tabula
1344 3575 1463 3654 tollere
1486 3579 1574 3654 v'elle
1598 3581 1797 3655 uideretur.
1821 3583 1942 3654 Omni·

606 3707 656 3774 no
680 3699 851 3792 praeclare
873 3704 909 3772 le
934 3699 1110 3792 se'gerere
1130 3699 1240 3792 slebre
1259 3683 1444 3788 sardion,
1470 3698 1564 3796 quod
1589 3701 1665 3795 plus
1682 3703 1816 3785 oneris,
1840 3724 1942 3793 quanr

604 3811 878 3914 perentiendo
910 3817 1115 3911 susciperet,
1139 3835 1202 3892 nee
1226 3821 1407 3894 sustineret
1441 3821 1543 3892 modo
1573 3815 1765 3910 industria,
1795 3804 1942 3916 diligen·

605 3941 655 4016 tia
677 3945 711 4015 br
734 3935 933 4013 eons'talrlil
954 3939 1119 4034 slllg'ultri
1131 3989 1144 4028 ‚
1159 3937 1227 4012 ‘sed
1246 3935 1347 4010 etia'm
1374 3942 1535 4016 allevaret
1571 3936 1756 4015 inultorum
1794 3939 1942 4034 discipu·

605 4059 719 4137 loruln
742 4071 846 4156 opere
867 4049 908 4148 (ι
916 4066 977 4151 311)
1002 4049 1090 4160 quo's
1115 4061 1223 4135 l'mlce
1237 4063 1322 4135 adeo
1339 4059 1562 4150 insumebat,
1583 4067 1623 4134 ut
1648 4063 1813 4135 nescisses
1827 4083 1942 4134 utrum

605 4201 741 4269 mures,
764 4205 808 4256 an
832 4177 1007 4278 dsei‘plina
1027 4184 1104 4276 plus
1126 4180 1161 4255 ln
1186 4167 1244 4255 ill'o
1264 4175 1442 4258 'ualerent
1468 4181 1597 4253 Horuin
1623 4181 1761 4256 favebat
1787 4184 1855 4255 Leo
1880 4183 1941 4254 in·

602 4299 710 4396 geniis
726 4347 737 4384 ‚
752 4307 786 4375 St
809 4298 906 4378 donls
928 4307 1072 4399 augebat
1096 4301 1317 4392 illdris'tri'a'rn,
1336 4310 1406 4388 ut,
1429 4309 1502 4398 quo
1526 4304 1769 4388 intendebant,
1784 4300 1943 4394 perreni-

604 4441 641 4492 re
667 4441 828 4514 possent.
854 4425 1030 4498 Commisit
1065 4409 1220 4496 Andreae
1244 4406 1522 4509 contuebimur
1552 4423 1733 4518 sculpturis
1754 4437 1939 4496 'exornaret

605 4537 963 4624 secundumn.
998 4543 1229 4635 Lauretaua'e,
1265 4547 1503 4641 praeessemus
1539 4543 1764 4626 aedificationi
1798 4543 1939 4618 vicina-
