4372 5842
613 756 616 764 .
1540 706 1561 757 2
1596 706 1609 752 1

405 767 748 858 unianimitatem
770 784 1011 854 modumoffotus
1036 793 1170 874 equidem
1203 815 1286 856 turn.
1313 795 1403 888 Quod
1436 793 1491 856 tibi
1521 700 1661 860 Ecciesiae

403 892 519 952 Sans‘lae
546 891 618 963 Dei,
650 895 771 964 Patriae,
794 893 959 976 Generique
986 911 1038 958 tuo
1067 895 1154 958 foelix
1180 899 1355 981 salutareque
1384 901 1439 970 sit,
1461 899 1547 961 hodie
1576 904 1661 960 Joan-

405 1017 458 1058 nes
480 997 607 1058 Medicas
628 997 780 1059 decursum
800 1015 846 1058 est
867 1001 1027 1061 triennium
1050 1005 1246 1064 sardinalatui
1276 1021 1330 1064 tuo
1351 1025 1401 1086 per
1432 1003 1505 1064 banc
1530 1005 1659 1074 bullam,

405 1101 548 1182 breveque
574 1097 752 1182 praefixum.
775 1105 901 1185 Legunt,
926 1102 978 1185 qui
1003 1105 1123 1166 volunt.
1145 1111 1259 1167 Servata
1280 1125 1347 1168 sunt
1367 1111 1482 1180 omnia,
1496 1109 1534 1168 de
1555 1109 1660 1190 quibus

406 1223 439 1267 su
460 1206 575 1266 Simeon
595 1205 740 1288 publicam
761 1207 894 1267 tabellam
915 1207 1171 1290 testimoniumque
1192 1209 1345 1281 conficito,
1372 1213 1496 1274 Subinde
1525 1214 1614 1297 pallio
1643 1233 1662 1296 a

406 1332 453 1372 me
474 1309 606 1372 indoctus
626 1328 668 1370 est
689 1312 729 1370 ita
750 1331 896 1394 precante:
920 1314 1024 1375 induat
1052 1330 1080 1375 te
1111 1317 1188 1374 Deus
1209 1335 1318 1376 novum
1349 1313 1515 1386 bominem,
1542 1315 1592 1398 qni
1622 1337 1662 1376 se·

406 1415 534 1476 cundum
557 1417 652 1476 Deum
675 1433 783 1477 creatus
804 1434 847 1476 est
868 1416 897 1475 in
920 1416 1030 1492 justicia
1052 1423 1079 1476 δι
1099 1419 1246 1480 sanctitate
1278 1418 1425 1480 veritatis.
1453 1419 1583 1479 Biretum
1614 1419 1663 1479 de.

404 1519 507 1600 nique,
529 1520 687 1588 Galerum,
713 1521 919 1602 annulumque
939 1521 1054 1604 porrexi
1076 1521 1117 1582 bis
1140 1543 1250 1583 rursum
1279 1543 1345 1583 cum
1370 1521 1481 1582 verbis·
1504 1525 1582 1583 llaec
1595 1537 1664 1582 sunt

405 1625 509 1688 decora
529 1624 680 1708 dignitatis
701 1623 830 1684 sublimis
851 1643 916 1686 tuae
938 1647 953 1686 a
975 1627 1223 1710 Sederlpostolica
1245 1629 1299 1689 tibi
1318 1629 1424 1690 tradita
1444 1647 1529 1712 atque
1550 1647 1665 1689 conces·

404 1749 452 1798 sa,
474 1729 684 1818 quibusquam
707 1731 758 1792 diu
780 1729 883 1791 vixeris
905 1731 940 1792 ad
962 1733 1019 1792 Dei
1039 1731 1178 1802 laudem,
1193 1731 1293 1816 tuique
1314 1733 1435 1793 salutem
1459 1733 1570 1794 utinam
1593 1753 1664 1820 sem·

406 1855 457 1920 per
478 1851 577 1896 utare.
598 1835 711 1914 Quibus
734 1836 773 1896 ita
795 1837 930 1919 perstetis,
954 1839 1107 1918 Hymnum
1136 1835 1206 1896 Veni
1233 1839 1350 1898 Creator
1378 1836 1524 1915 Spiritus,
1555 1837 1667 1896 canoris

405 1940 524 2002 vocibus
545 1959 611 2002 ante
637 1945 721 2001 Aram
747 1945 855 2001 Fratres
876 1941 1023 2000 cecinere.
1045 1945 1209 2012 Postremo,
1234 1959 1372 2026 quantam
1389 1940 1550 2002 Cardinalis
1573 1941 1668 2023 singt-

404 2029 450 2108 lus
470 2063 581 2127 potest,
603 2044 816 2127 indulgentiam
837 2045 981 2127 cllargitus
1004 2045 1186 2116 astantibus,
1210 2051 1235 2106 dt
1257 2045 1389 2107 eamdem
1418 2043 1599 2106 visitantibus
1630 2045 1668 2104 al·

408 2165 468 2208 tare
488 2149 589 2209 eodem
612 2148 659 2207 die
680 2167 750 2230 quot
772 2149 871 2218 annis,
894 2147 981 2210 rediit
1000 2149 1148 2213 nobiscum
1170 2151 1201 2212 in
1223 2152 1364 2212 domum.
1388 2151 1476 2212 Paulo
1497 2166 1561 2232 post
1582 2167 1665 2231 pran-

396 2241 488 2314 dium
510 2257 612 2315 Petrus
632 2250 717 2314 frater
738 2277 803 2316 cum
826 2255 922 2338 paucis
942 2277 978 2316 en
999 2251 1100 2336 afficit,
1131 2255 1241 2316 delatus
1261 2254 1398 2338 sonipede
1420 2254 1507 2314 mitae
1538 2249 1666 2311 ferocita-

382 2359 466 2428 tis,
488 2381 519 2420 ac
541 2358 768 2444 magnitudinis,
790 2362 893 2421 auratis
923 2359 1040 2420 bratteis
1070 2379 1181 2444 quaque
1210 2357 1356 2442 fulgente.
1387 2365 1416 2420 Α
1444 2359 1530 2418 Porta
1558 2357 1666 2414 interea

325 2451 327 2458 ¹
407 2464 502 2526 saneti
524 2463 621 2534 Galli,
644 2485 699 2547 qua
721 2465 777 2525 itur
802 2465 935 2534 Fesulas,
956 2480 1036 2522 tanta
1056 2461 1144 2523 eflusa
1171 2461 1301 2544 equitum
1323 2482 1355 2522 ac
1382 2458 1515 2545 pediturn
1546 2481 1666 2530 manus,

406 2583 440 2628 ut
460 2567 545 2649 plena
566 2567 692 2649 undique
713 2567 760 2628 via
782 2568 855 2629 nulli
875 2585 974 2630 contra
995 2570 1026 2629 in
1049 2567 1148 2630 urbem
1170 2569 1251 2630 eunti
1267 2568 1418 2629 transitum
1438 2566 1567 2626 cederet.
1587 2565 1669 2644 Quae

407 2672 505 2732 omnis
528 2672 686 2734 multitudo
707 2675 805 2734 sistere
829 2679 900 2750 jussa
921 2689 964 2735 est
984 2673 1022 2736 ad
1054 2674 1202 2734 Munionis
1233 2690 1371 2755 pontem,
1404 2679 1456 2729 ne'c
1484 2659 1583 2727 datum
1615 2667 1668 2726 ulli

406 2774 526 2856 quidem
546 2775 587 2838 cis
608 2793 745 2859 pontem,
769 2798 940 2860 amnernque
961 2776 1101 2839 transire.
1126 2782 1164 2836 At
1187 2797 1254 2836 vero
1276 2773 1358 2834 r'ebus
1380 2773 1497 2835 caeteris
1518 2767 1670 2832 erconsti·

405 2893 474 2939 tuto
493 2878 652 2962 dispositis,
675 2881 825 2942 descendit
845 2882 893 2942 ille
916 2903 982 2942 cum
1005 2879 1111 2948 fratre,
1132 2879 1303 2960 trajectoque
1325 2877 1444 2938 flumine
1470 2894 1605 2959 exceptus
1625 2891 1669 2936 est

408 2980 521 3042 medius
541 2983 617 3046 inter
638 2983 806 3055 Pontifices,
837 2984 1096 3051 Prothonotatios,
1119 2979 1189 3041 alios
1212 2981 1373 3052 Praelatos,
1396 2999 1428 3041 ac
1458 2979 1596 3063 primores
1623 3000 1669 3039 nr-

408 3083 453 3147 bis
472 3087 567 3157 cives,
589 3091 617 3147 dt
640 3087 873 3150 ambitiosissima
893 3108 999 3171 pompa
1023 3084 1205 3146 dedustusin
1221 3081 1321 3144 urbem
1343 3105 1392 3166 per
1414 3084 1491 3144 viam
1512 3088 1668 3159 majorem,

408 3203 483 3269 quae
503 3189 539 3250 ad
559 3189 641 3252 aedes
662 3190 744 3253 ducit
763 3211 844 3254 suas.
866 3192 928 3271 Qui
950 3209 1016 3252 cum
1038 3190 1214 3273 pervenisset
1235 3187 1272 3249 ad
1293 3189 1423 3272 Virginis
1446 3189 1602 3247 Naucratae
1623 3183 1669 3244 ba·

409 3292 541 3365 silicam,
565 3293 642 3354 mula
662 3292 853 3363 descendens,
876 3292 912 3354 ad
932 3292 1011 3356 illins
1032 3292 1181 3354 humiliter
1200 3313 1229 3354 se
1249 3292 1407 3353 constravit
1427 3312 1523 3359 aram,
1555 3310 1607 3372 pto
1638 3306 1669 3348 se

407 3415 493 3458 orans
512 3415 584 3457 voce
604 3395 759 3459 submissa·
780 3395 852 3458 lnde
873 3397 911 3459 ad
932 3397 1024 3461 Divae
1046 3399 1194 3479 Liparatae
1214 3397 1356 3479 templum
1369 3391 1509 3478 profestos
1530 3391 1591 3476 pari
1608 3409 1673 3450 mo.

408 3500 448 3564 do
468 3503 509 3564 sic
530 3519 573 3564 est
593 3522 678 3586 opem
697 3501 876 3588 gratiamque
896 3519 1042 3587 precatusv
1075 3503 1210 3584 Denique
1237 3501 1269 3560 in
1296 3499 1367 3559 lares
1396 3519 1426 3558 se
1453 3497 1577 3580 recepit,
1598 3512 1672 3576 quos

409 3604 521 3668 habitat
540 3627 626 3668 suos.
647 3607 706 3668 Ubi
726 3605 816 3670 ferme
837 3624 899 3670 tota
920 3609 951 3670 in
971 3627 1062 3670 unum
1084 3619 1237 3688 conspecta
1257 3619 1300 3664 est
1319 3603 1422 3663 civitae
1449 3601 1490 3661 ita
1520 3596 1672 3680 frequens,

410 3725 525 3770 utnon
546 3711 594 3772 via
614 3709 720 3780 modo,
744 3711 794 3773 sed
816 3709 953 3774 fenestrae
974 3718 1002 3772 δι
1023 3711 1097 3772 reela
1121 3712 1185 3792 ipsa
1206 3710 1257 3772 vir
1283 3721 1417 3792 caperent
1446 3699 1672 3788 perspeeiante's,

411 3811 636 3893 insequentem
657 3835 726 3876 veto
747 3815 860 3876 nodem
883 3821 960 3902 juges
981 3815 1013 3875 in
1034 3814 1155 3898 plateis,
1176 3814 1263 3895 inque
1284 3809 1409 3874 turribus
1430 3803 1570 3890 &pinnis
1591 3803 1673 3884 ignee

410 3915 585 3980 collucentes
604 3917 806 3980 illuminarunt
827 3921 918 3984 veluti
940 3919 1035 3992 diem,
1048 3917 1335 3981 &conclamantium
1356 3909 1485 3979 vocibus,
1501 3903 1675 3968 omnifariis·

409 4039 466 4102 que
487 4021 657 4092 tinnitibus,
680 4039 764 4105 atque
785 4024 963 4108 crepitibus,
992 4025 1088 4084 aether
1116 4039 1228 4102 semper
1245 4015 1403 4082 insonuit,
1436 4021 1482 4073 ut*
1499 4009 1584 4072 obliti
1613 4009 1674 4070 sint

410 4121 543 4184 homines
563 4145 679 4187 somnos
700 4128 752 4189 bac
773 4144 855 4190 tanta
874 4127 1001 4196 laetitia,
1022 4123 1240 4207 inspestumque
1259 4119 1298 4180 sit
1329 4117 1432 4200 quanti
1460 4111 1546 4178 faciat
1566 4113 1675 4198 Reipu·
1717 4195 1720 4200 Ι

408 4227 499 4288 blicae
520 4246 692 4292 servatorem
714 4237 742 4291 et
763 4233 897 4295 columen
918 4229 1078 4315 gratissima
1103 4227 1225 4288 civitas.
1253 4227 1332 4288 Haec
1353 4221 1520 4284 dixissset
1542 4235 1674 4302 tempore

411 4331 450 4392 sit
472 4327 544 4392 mibi
564 4333 649 4394 satis:
672 4334 774 4396 seriem
796 4335 869 4395 alius
891 4333 1032 4416 copiosius
1053 4331 1239 4414 ornatiusque
1260 4327 1486 4415 temetipseris.
1512 4325 1586 4391 vale
1598 4367 1607 4398 ,
1632 4339 1677 4387 at.

369 4437 371 4444 ’
410 4451 467 4519 que
488 4453 554 4510 ora,
577 4451 609 4498 ut
628 4436 682 4500 ista
699 4437 759 4505 sirit
781 4435 892 4502 fausta.
912 4437 1022 4504 Fertilis
1042 4433 1117 4526 prid.
1137 4435 1177 4501 id·
1199 4437 1290 4503 Mart.

857 4549 880 4585 't
