4386 5838
682 615 754 702 .th
1095 619 1603 692 nnottrs'tt.

634 734 911 818 benevolum,a
941 757 1010 828 quo
1036 738 1119 809 nihil
1146 741 1331 812 timendum
1356 757 1470 817 esset,
1496 740 1713 810 conferrent.
1739 737 1803 828 lpsi
1819 739 1971 828 Septem-

633 858 725 941 uiri,
752 859 807 950 qui
834 857 887 950 jus
912 856 1146 951 suffragiorum
1165 861 1360 945 habebant,
1387 862 1468 931 satis
1495 877 1662 930 noverant
1689 859 1874 948 periculum
1910 854 1974 926 sibi

632 975 715 1066 ipsis
739 975 918 1060 conflari,
944 977 974 1052 si
997 978 1109 1052 honos
1134 969 1265 1068 potenti
1289 981 1455 1066 daretur,
1478 1005 1582 1074 quare
1607 983 1649 1050 de
1673 977 1830 1069 eligendo
1865 980 1975 1046 Saxo·

635 1103 712 1172 niae
738 1103 833 1174 Duce
861 1116 1108 1170 consenserunt
1128 1125 1138 1181 3
1162 1097 1222 1170 sed
1246 1099 1300 1168 hic
1327 1124 1404 1171 raro
1430 1125 1512 1172 sane
1535 1099 1714 1190 exemplo,
1739 1100 1831 1192 quod
1867 1098 1971 1168 ferme

635 1223 805 1294 divinitus
837 1222 955 1292 datum
990 1237 1091 1310 atque
1127 1217 1277 1290 oblatum
1311 1220 1514 1304 videbatur,
1554 1221 1727 1292 recusavit
1762 1217 1876 1310 (⁶2),
1901 1241 1975 1288 eam

571 1429 575 1436 .
635 1359 824 1431 temporum
850 1340 1078 1410 conditionem
1103 1361 1209 1421 esse,
1234 1359 1368 1410 tantum
1406 1341 1575 1410 aTurcis
1612 1342 1807 1429 praesertim
1841 1339 1976 1426 perico-

634 1460 705 1530 lum
730 1461 945 1532 Christianae
970 1459 1189 1548 Reipublicae
1214 1459 1407 1549 impendere
1434 1483 1654 1540 asseverans,
1680 1480 1717 1528 ut
1743 1483 1820 1529 eum
1846 1462 1975 1528 Roma-

634 1601 681 1650 no
704 1579 847 1668 lmperio
876 1579 1106 1672 dignissimum
1130 1579 1316 1670 judicaret,
1341 1579 1400 1669 qui
1425 1579 1463 1649 vi
1488 1586 1520 1650 δι
1546 1581 1649 1648 armis
1675 1580 1853 1668 plurimum
1889 1599 1976 1666 pos·

633 1717 706 1768 set.
732 1701 828 1792 Quae
854 1723 938 1770 vero
959 1699 1236 1770 commemoravit
1260 1700 1302 1768 de
1329 1695 1460 1770 Carolo.
1479 1701 1594 1788 Rege,
1623 1699 1657 1766 in
1678 1699 1860 1768 Germania
1882 1698 1975 1768 illurn

634 1837 747 1888 ortum
778 1843 877 1898 esse,
907 1821 1095 1892 hereditate
1131 1821 1188 1891 avi
1223 1821 1257 1890 in
1298 1818 1504 1906 Principibus
1532 1819 1671 1906 imperii
1707 1820 1899 1902 numerari,
1934 1836 1974 1888 ae

635 1936 672 2006 in
698 1939 996 2029 potestateipsius
1032 1964 1090 2012 eae
1127 1940 1282 2029 regiones
1321 1960 1425 2020 esse,
1460 1959 1547 2030 quae
1584 1935 1690 2015 veluti
1725 1937 1976 2029 propugnacula

633 2057 763 2150 objedla
788 2059 908 2129 Turcis
932 2061 1105 2131 sociorum
1132 2061 1286 2133 fortunas
1314 2055 1415 2126 facile
1438 2055 1620 2126 defendere
1640 2058 1851 2144 potuissent,
1895 2081 1975 2128 mo-

634 2197 758 2248 verunt
783 2179 868 2248 adeo
893 2179 1104 2271 Collegarum
1125 2178 1279 2258 animos,
1304 2198 1343 2276 ut
1369 2175 1529 2246 Carolum
1555 2179 1795 2264 imperatorem
1819 2177 1976 2248 declara-

635 2298 770 2368 verint.
795 2300 858 2368 Vix
884 2301 1044 2390 comperit
1070 2298 1245 2372 Pontificis
1270 2297 1417 2388 Legatus
1444 2295 1547 2379 (erat
1573 2297 1600 2365 is
1627 2296 1776 2366 Thomas
1793 2298 1975 2389 Cajetauos

634 2415 852 2504 Cardinalis)
878 2417 986 2490 adium
1010 2421 1075 2510 jam
1101 2440 1174 2490 esse
1201 2418 1399 2508 negotium,
1437 2416 1719 2507 necquidquam
1754 2437 1854 2504 posse
1893 2414 1976 2488 illud

634 2537 822 2624 remorari,
847 2561 884 2610 se
910 2561 929 2607 a
953 2536 1116 2608 Pontifice
1141 2539 1301 2608 mandata
1320 2537 1444 2608 habere
1477 2535 1591 2622 dixit,
1627 2556 1665 2604 ut
1690 2535 1815 2608 Carolo
1840 2539 1975 2608 veniam

633 2656 835 2728 concederet
859 2659 1027 2729 retinendi
1053 2681 1120 2728 una
1145 2681 1220 2728 cum
1261 2657 1416 2726 Romano
1449 2655 1595 2744 Imperio
1631 2654 1892 2758 Neapolitanum
1923 2681 1976 2730 re·

634 2799 763 2868 gnum,
788 2777 880 2868 quod
904 2776 1086 2852 Clementis
1105 2794 1160 2850 tv.
1181 2777 1433 2848 constitutione
1450 2777 1645 2847 vetabatur.
1666 2775 1755 2848 Nihil
1780 2799 1862 2848 vero
1879 2801 1972 2866 prae·

637 2895 785 2970 termisit
800 2898 891 2979 Le0,
915 2897 1006 2988 quod
1033 2897 1075 2968 ad
1095 2895 1229 2987 publice
1246 2899 1403 2990 gaudium
1426 2895 1664 2967 declarandum
1687 2898 1897 2986 pertinebat,
1921 2903 1975 2986 bt,

634 3037 721 3105 quas
744 3017 788 3088 ad
830 3016 988 3088 Carolum
1027 3017 1136 3105 ipsum
1169 3018 1283 3104 dedit,
1321 3017 1452 3089 litterae
1488 3018 1723 3110 significabant
1762 3019 1975 3092 voluntatem
2069 3096 2071 3100 ι
2174 2985 2176 3070 J

599 3203 601 3206 .
633 3159 832 3228 suamerga
855 3133 947 3206 illum
972 3134 1200 3226 singularem,
1225 3138 1538 3230 hortabanturque,
1564 3160 1603 3210 ut
1626 3163 1687 3229 pro
1712 3161 1776 3210 suo
1790 3139 1914 3210 eximio
1938 3141 1974 3208 br

631 3277 799 3348 perpetuo
834 3256 948 3330 studio
975 3257 1011 3327 in
1036 3257 1265 3328 Christianam
1296 3257 1548 3348 Rempublicam
1573 3259 1616 3332 ad
1640 3281 1793 3330 errorum
1819 3259 1973 3345 semina,

634 3379 782 3468 quaein
808 3375 988 3446 Germania
1011 3398 1127 3464 sparsa
1167 3395 1298 3464 erant,
1332 3383 1368 3451 bt
1401 3378 1446 3452 ad
1480 3377 1769 3470 comprimendosv
1786 3381 1974 3449 Turcarum

638 3498 786 3586 impetus
811 3497 959 3578 maxime,
980 3499 1147 3585 spedaret
1171 3497 1283 3584 (63).

732 3620 861 3688 Horum
881 3619 954 3688 Rex
973 3617 1115 3688 Solimus
1139 3641 1299 3709 appetens
1324 3617 1475 3712 gloriae,
1497 3624 1530 3692 8(
1546 3639 1677 3710 praeter
1698 3625 1830 3694 ‘ceteros
1846 3621 1976 3712 imperii

632 3734 780 3821 avidus,
813 3756 993 3827 postquam
1018 3738 1207 3810 admirabilr
1233 3732 1407 3810 celeritate
1436 3743 1652 3828 Assyriae&
1679 3741 1845 3829 Persidis,
1871 3745 1974 3833 maio·

632 3854 749 3948 risque
774 3856 954 3928 Armeniae
984 3881 1088 3948 regna
1121 3860 1326 3952 subegerat,
1351 3859 1480 3948 Syriam
1520 3881 1659 3952 quoque
1695 3861 1730 3931 in
1771 3883 1974 3952 potestatem

634 3999 728 4048 suam
749 3975 900 4066 redegit,
927 3976 1073 4069 indeque
1089 3979 1132 4051 ad
1147 3980 1324 4070 Memphim
1342 4003 1558 4073 progressus,
1587 3983 1781 4054 felicissime
1797 3985 1881 4056 adeo
1898 3985 1980 4055 cum'

635 4097 807 4170 acerrimis
843 4096 1042 4171 nationibus
1082 4099 1284 4189 dimicavit,
1325 4121 1364 4172 ut
1401 4104 1442 4178 ab
1478 4104 1610 4174 Amano
1648 4127 1765 4178 monte
1805 4107 1847 4177 ad
1871 4108 1976 4179 Rubri

633 4217 736 4287 maris
763 4219 962 4310 augustias,
986 4239 1091 4310 atque
1115 4221 1193 4292 item
1220 4244 1239 4290 a
1260 4225 1462 4312 Cyrenaicis
1487 4225 1610 4300 finibus
1636 4229 1678 4299 ad
1713 4231 1861 4301 Arabum
1885 4227 1977 4300 soli-

635 4335 771 4408 tudines
797 4347 830 4408 dr
855 4340 1058 4428 Euphratem
1082 4339 1151 4412 late
1175 4346 1288 4416 omnia
1315 4349 1413 4418 unius
1439 4347 1617 4420 dominatu
1646 4371 1862 4422 tenerentur.
1893 4355 1974 4424 Post

559 4467 561 4473 “
630 4453 717 4534 haec
743 4479 858 4532 rumor
890 4459 953 4534 tun
982 4460 1023 4532 de
1050 4468 1289 4554 eornpatanda·
1305 4491 1399 4543 nova
1420 4469 1654 4544 dominatione
1672 4470 1766 4544 illurn
1787 4473 1971 4546 vehemen-
