4372 5842
311 706 314 710 .
643 631 683 700 ‘V
739 632 795 704 '21
864 625 925 711 ’Ὗ
1023 635 1054 707 A
1465 631 1577 722 tta..

240 755 463 848 Digestorum
498 743 645 840 libros,
679 777 767 847 quos
790 761 868 826 ‘sua
896 779 998 829 manu
1029 756 1101 847 ipse
1133 749 1362 846 descripserat
1385 751 1458 834 ,δι
1491 758 1584 820 cotti·

236 863 411 952 nentariis
448 874 720 954 illustraverat,
755 877 823 946 boc
856 877 1020 949 beneficio
1058 877 1146 950 nihil
1180 867 1245 970 sibi
1275 874 1409 968 gratius
1437 923 1449 956 ,
1476 852 1581 942 vnihil

238 993 422 1084 optabilius
452 993 522 1062 fieri
550 1015 651 1079 posse
683 977 899 1067 declaravit.
924 1000 1004 1069 Erat
1025 997 1077 1069 illi
1109 975 1257 1067 fortasse
1286 995 1323 1066 in
1363 993 1477 1064 animo
1500 988 1580 1062 cul·

189 1197 193 1207 Δ
239 1116 340 1186 rioris
371 1116 452 1206 jutis
482 1113 684 1203 prudentiae
718 1118 831 1188 studia
853 1117 888 1188 in
913 1117 1231 1208 Archigymnasium
1261 1131 1361 1184 suum
1388 1115 1573 1197 invehere,

243 1233 296 1304 rel
325 1235 438 1322 potius
467 1234 509 1302 de
543 1257 645 1322 opere
670 1250 738 1306 tam
759 1235 862 1320 utili,
888 1239 1025 1328 tamque
1054 1238 1231 1318 elaborato
1246 1228 1285 1304 'in
1307 1231 1414 1302 lucem
1439 1233 1575 1302 alendo

245 1353 417 1444 cogitabat
434 1403 451 1420 a
475 1354 662 1426 wConsilium
697 1357 764 1427 hoc
791 1375 868 1427 erat
912 1355 1042 1427 Aemilii
1067 1345 1209 1426 Ferrett'i
1231 1405 1241 1439 ‚
1266 1346 1327 1446 qui
1358 1371 1445 1444 quae
1477 1350 1580 1444 juris·

244 1471 477 1544 consultorum
510 1475 647 1563 ingenio
678 1495 843 1566 corrupt-a
872 1495 974 1547 erant
1009 1523 1022 1558 ,
1078 1475 1295 1545 uehementer
1331 1473 1583 1560 adlaborabat,

244 1611 283 1664 ut
319 1616 413 1663 suam
452 1594 680 1686 integritatem
727 1613 991 1687 recuperarent,
1040 1593 1161 1684 tuique
1196 1605 1328 1662 tantum
1373 1593 1582 1664 corrccdebat

242 1712 312 1782 Leo
344 1737 414 1783 non
440 1715 540 1784 modo
573 1713 609 1783 in
633 1711 787 1785 dodrina
817 1716 899 1808 juris
933 1714 1073 1796 civilis,
1106 1715 1142 1783 in
1169 1731 1237 1804 qun
1269 1725 1455 1800 perpaucos
1484 1732 1581 1804 paret

244 1830 391 1918 babuit,
414 1835 473 1905 sed
503 1836 606 1908 etiam
629 1837 662 1906 in
694 1837 860 1906 scribendi
897 1833 1064 1925 elegantia
1085 1884 1096 1916 ,
1121 1849 1312 1926 quanquam
1345 1825 1381 1904 in
1403 1835 1468 1903 hoc
1490 1827 1581 1924 poli·

190 2039 191 2043 Ἰ
245 1951 374 2023 tiorum
409 1955 658 2026 existimationi
691 1957 789 2046 plane
824 1979 894 2026 nott
922 1956 1005 2025 satis
1039 1953 1189 2042 fecerit,
1215 1977 1253 2027 ut
1284 1957 1371 2026 inter
1397 1955 1580 2044 Apostoli·

246 2091 306 2140 cos
331 2073 573 2163 :Secretatios‚
616 2068 896 2168 quemadmodum
930 2075 1166 2162 vocabantur,
1216 2077 1325 2150 eid'etn
1366 2075 1479 2145 locum
1516 2076 1580 2145 de.

244 2191 332 2264 derit
362 2242 371 2260 .
401 2195 475 2266 lloc
510 2196 584 2284 ipso
630 2219 767 2268 munere
801 2194 998 2266 honestavit
1040 2197 1253 2284 Franciscunt
1293 2193 1586 2270 castilionensen

244 2314 370 2384 Dantis
395 2315 583 2388 Florentini
617 2317 755 2404 tilium,
788 2320 846 2411 qui
873 2293 1003 2389 amotis·
1033 2317 1068 2385 in
1099 2325 1248 2390 Graecas
1283 2316 1488 2407 Latinasque
1518 2315 1580 2386 lir-
1653 2322 1657 2328 ’

242 2453 337 2506 retas
362 2482 372 2518 ,
398 2437 430 2502 δι
457 2436 562 2508 studii
591 2437 774 2528 singularis
815 2439 851 2508 in
893 2437 1063 2508 Mediceos
1102 2429 1325 2509 hereditatem
1358 2459 1447 2506 sea
1480 2437 1581 2530 majo·

245 2556 339 2628 ribus
379 2559 548 2646 accepisse
574 2555 809 2648 gloriabatur.
835 2557 869 2626 Si
902 2558 960 2649 qui
978 2535 1038 2628 'alii
1071 2557 1314 2648 superfuerunt
1350 2553 1393 2628 ex'
1423 2555 1481 2626 illo
1509 2540 1583 2628 ἐι·
1645 2555 1648 2563 “

243 2674 500 2748 lamitosissitno
529 2674 740 2766 naufragio,
765 2695 833 2767 qtto
862 2699 932 2746 non
962 2678 1064 2748 modo
1093 2659 1269 2758 afflictae,
1295 2677 1355 2747 sed
1380 2675 1482 2771 etiam
1499 2672 1582 2744 suh-

157 2833 160 2840 ·
245 2817 379 2868 mersae
409 2795 569 2868 fortunae
600 2795 832 2868 Mediceorttm
864 2795 1207 2868 fuisse'videbantur
1231 2847 1241 2882 ,
1265 2795 1333 2876 hos
1359 2777 1608 2887 neque‘inoa¹

185 2971 189 2980 .
246 2935 342 3007 pes,
378 2937 488 3004 neque
515 2915 699 2998 ‘inornatos
730 2939 804 2987 esse
837 2891 1057 3005 patiebatur,
1092 2911 1196 3008 quare
1233 2923 1310 2996 cun'r
1330 2911 1581 2984 commendaret

248 3032 434 3126 aliquando
466 3037 643 3108 Francisco
664 3035 841 3108 Gallorum
876 3037 959 3129 Regi
985 3041 1146 3110 ioannem
1173 3039 1351 3108 Lassarem'
1379 3029 1579 3106 Constanti·

248 3154 487 3242 nopolitanum
517 3155 553 3226 itt
586 3153 730 3226 Galliam
751 3156 1018 3245 proficiscentem
1046 3159 1191 3240 ,virum
1219 3179 1302 3228 sane
1328 3180 1399 3227 non
1429 3172 1497 3224 tam
1520 3176 1581 3244 ge-

249 3295 330 3344 nere
362 3323 373 3356 ,
407 3295 510 3364 quam
550 3297 615 3345 usu
655 3299 800 3362 rerum,
840 3281 875 3346 δι
915 3276 1030 3346 multis
1063 3276 1173 3367 iisque
1203 3273 1419 3347 interioribus
1439 3271 1581 3344 litteris

251 3411 506 3480 praestantem,
530 3415 629 3482 quern
653 3393 855 3464 Laurentius
884 3414 981 3484 pater
1005 3373 1205 3490 quotidiano
1232 3419 1333 3486 prope
1359 3393 1395 3464 itt
1422 3383 1585 3464 convictu

250 3509 453 3597 habuerat,
488 3511 537 3581 ait
570 3533 606 3582 se
635 3513 804 3598 mirifice,
826 3515 985 3608 omnique
1019 3536 1168 3606 tempore
1195 3513 1288 3608 illum
1314 3537 1475 3605 amasse,
1499 3511 1585 3583 &in

252 3629 461 3702 Pontificatu
495 3651 600 3720 prope
628 3633 782 3722 quotidie
821 3635 869 3706 ita
894 3639 965 3729 ejtts
988 3635 1116 3706 virtute
1148 3655 1269 3718 usum,
1308 3651 1349 3704 ut
1378 3655 1477 3704 nemo
1518 3629 1587 3701 sibi
1619 3621 1626 3629 “

250 3747 415 3836 charior,
441 3773 541 3822 nemo
575 3755 754 3846 jucundior
783 3747 892 3827 fuerit
920 3778 1068 3848 unquam
1093 3743 1286 3844 ‚Magnum
1320 3774 1457 3844 quoque
1481 3751 1516 3820 in
1541 3739 1584 3820 eo

251 3889 292 3938 se
318 3867 446 3956 patriae
461 3893 543 3944 suae
560 3872 760 3947 beneficium
785 3875 943 3948 tribuisse
963 3879 1035 3970 jure
1058 3873 1249 3964 meritoque
1271 3871 1468 3968 Judicabat‚
1494 3868 1587 3960 quod

251 3981 438 4070 effecerat,
474 3969 610 4081 ttt'per
654 3995 819 4067 Iulianum
855 4000 890 4066 dt
934 3993 1162 4065 Laurentium
1194 3991 1364 4060 Mediceos
1399 3985 1587 4060 Academia

253 4101 406 4192 Pisana,
431 4132 519 4200 quae
545 4111 590 4180 ob
620 4110 707 4184 bella
736 4111 885 4204 aliasque
905 4111 1057 4202 publicas
1087 4107 1297 4180 calamitates
1313 4130 1388 4178 esse
1415 4106 1582 4196 desierat,

248 4245 339 4297 auae
367 4227 533 4316 pristinae
567 4229 639 4300 sedi
672 4231 905 4301 restitueretur
934 4281 946 4318 ‚
971 4251 1072 4324 atque
1101 4225 1242 4300 haberet
1266 4281 1277 4314 ,
1303 4227 1392 4299 unde
1418 4225 1586 4316 stipendia

255 4339 424 4434 magistris
449 4345 663 4419 solverentur
686 4398 695 4417 .
720 4350 826 4420 Sernel
855 4351 943 4422 enim
971 4351 1161 4439 itemntque
1188 4344 1320 4418 litteras
1351 4346 1478 4432 dedit,
1503 4348 1589 4439 qui-⁶
1637 4393 1638 4398 ,

254 4457 321 4532 bus
349 4463 485 4558 jubebat
515 4489 559 4540 ex
584 4465 751 4544 fructibus
778 4469 1047 4545 sacerdotiorum
1082 4471 1118 4541 bc
1146 4466 1458 4555 monasteriorum,
1497 4489 1585 4562 quae

946 4589 981 4660 Y
