4392 5838
1574 717 1614 766 2<

328 851 333 859 -
427 809 625 889 frequentibus
656 809 770 890 nunciis
792 809 827 876 de
848 793 1018 871 incredibili
1031 813 1167 892 apparatu
1188 807 1314 871 bostium
1342 795 1577 870 {enuntiantibus
1593 707 1692 869 adscit·

428 913 579 972 stodienda
602 915 689 972 maria
706 914 839 1002 eonversi
863 915 1009 994 ingentem
1032 915 1152 975 classem
1172 907 1421 995 comparavimus,
1445 931 1477 973 ut
1499 931 1628 993 quaeque
1652 911 1687 968 de
1742 965 1745 972 .

433 1019 540 1100 pietate
563 1033 657 1076 nostra
679 1037 764 1096 quam
786 1018 950 1099 parcissime
972 1019 1140 1098 loquamur,
1163 1017 1216 1076 soli
1235 1014 1363 1086 fuimus,
1385 1018 1435 1098 qui
1463 1013 1689 1097 Remp..defen·

436 1119 566 1179 dendam·
583 1120 774 1201 suscepimus,
797 1121 1050 1203 RegeGallocum
1073 1124 1221 1180 aSumrno
1243 1119 1385 1180 Pontifices
1407 1119 1442 1178 ad
1464 1119 1620 1200 juvandam
1644 1139 1685 1178 re-

374 1253 378 1263 ·
433 1224 569 1306 ligionem
593 1241 758 1306 rogaretur,
787 1241 968 1303 nequaquam
999 1222 1093 1280 dicere
1119 1222 1232 1294 terito,
1260 1241 1358 1282 curam
1385 1222 1532 1304 religionis
1562 1220 1684 1304 suscipe·

436 1345 516 1395 rent,
537 1329 587 1409 qui
609 1323 727 1386 finitimi
749 1327 878 1388 hostibus
900 1342 1013 1394 essent,
1036 1345 1102 1385 curn
1125 1325 1210 1384 adse
1232 1325 1337 1392 irenae,
1361 1345 1389 1384 se
1421 1346 1470 1385 sua
1502 1321 1686 1385 defensurum

433 1443 509 1492 esset
539 1431 625 1514 longe
646 1430 723 1495 enirn
746 1433 809 1491 Res
830 1433 884 1491 iste
906 1452 921 1488 a
944 1431 1153 1489 conservandae
1173 1431 1260 1512 Reip.
1286 1431 1383 1490 studio
1414 1429 1526 1499 aberat,
1557 1445 1686 1509 quaeque

436 1541 497 1616 ejtrs
518 1535 613 1618 gentis
632 1533 763 1594 conditio
784 1551 845 1602 est,
868 1535 987 1594 consilia
1019 1533 1219 1596 novandarum
1250 1553 1346 1596 retum
1377 1531 1493 1614 publico
1525 1532 1601 1591 malo
1629 1537 1689 1612 jana

435 1657 499 1698 tum
520 1638 630 1698 inibat.
653 1640 789 1699 Delatum
811 1639 928 1700 interim
951 1639 986 1698 ad
1008 1657 1060 1697 nos
1083 1637 1241 1716 Imperium
1263 1651 1328 1704 est,
1349 1654 1408 1715 quo
1429 1632 1520 1703 fauo,
1552 1655 1618 1694 cum
1641 1655 1691 1694 ro·

435 1741 511 1800 lente
531 1745 615 1810 Deo,
637 1745 723 1824 Resp.
744 1741 827 1802 nobis
857 1741 1003 1802 committi
1024 1739 1186 1807 videretur,
1211 1738 1307 1798 relicta
1331 1731 1491 1820 Hispania,
1513 1739 1544 1798 in
1566 1741 1687 1800 Germa·

434 1845 511 1924 niam
535 1845 687 1912 uenimus,
708 1843 902 1926 appellataque
922 1845 1054 1904 universa
1073 1843 1107 1902 ea'
1128 1843 1266 1912 natione,
1286 1842 1386 1902 omnia
1405 1843 1501 1903 studia
1530 1858 1626 1903 nostra
1648 1843 1684 1902 ad

433 1927 638 2008 sublevandam
661 1947 829 2028 religionem
851 1927 1247 2008 contulimus.1²rocedebai
1267 1965 1335 2016 res,
1357 1945 1485 2026 beneque
1504 1945 1610 2026 sperari
1636 1964 1689 2027 po·

435 2065 528 2119 terat,
549 2050 572 2110 si
594 2053 680 2131 Resp.
700 2050 777 2112 bono
798 2053 878 2133 Rege
900 2050 987 2110 Gallo
1009 2049 1052 2108 uti
1073 2047 1231 2128 potuisset.
1250 2047 1308 2108 Sed
1327 2064 1441 2108 tantum
1463 2044 1555 2108 abfuit
1577 2065 1610 2108 ut
1629 2049 1707 2110 iste·

436 2155 521 2235 Reip.
534 2153 753 2231 commodaret,
777 2169 809 2214 ut
831 2153 867 2213 td
899 2151 1018 2212 consilia
1041 2157 1139 2211 nostra
1158 2149 1306 2230 deJcienda
1327 2151 1367 2210 in·
1380 2152 1508 2235 Belgium
1528 2159 1557 2210 α
1579 2153 1689 2215 Navar-

436 2277 496 2316 ram
519 2277 596 2316 arma
616 2255 787 2324 immiserit,
809 2256 982 2336 pietatisque
1004 2255 1174 2324 immemor,
1198 2257 1370 2339 oppugnata
1393 2255 1511 2336 -Regio,
1539 2259 1689 2318 sacrosan·
1738 2325 1742 2334 Ι

435 2361 662 2422 menomenae
684 2360 824 2420 Ecclesiae
846 2357 954 2419 bellum
976 2357 1082 2418 nefarie
1104 2359 1262 2418 indixerit.
1289 2361 1334 2420 lta
1355 2359 1472 2442 depulsa
1493 2381 1580 2443 pace,
1599 2357 1689 2422 offen·

434 2483 520 2545 saque
541 2463 655 2544 insuper
677 2463 854 2523 sacrosantis
874 2461 945 2521 Sede
966 2461 1160 2542 Apostolita,
1190 2482 1258 2522 curu
1282 2461 1315 2523 ab
1345 2464 1465 2546 antiquo
1495 2463 1610 2546 pietatis
1640 2487 1691 2526 no·

200 2643 204 2652 Ι
434 2585 507 2627 strae
528 2564 625 2626 studio
645 2564 779 2624 aliorsum
802 2585 975 2634 avocemur,
995 2585 1091 2628 caussa
1113 2580 1209 2640 nostra
1237 2589 1304 2628 cum
1335 2567 1482 2650 religionis
1513 2587 1610 2630 caussa
1641 2589 1689 2628 co·

209 2739 212 2746 ¹
315 2726 317 2732 ,
433 2667 567 2745 alauda,
593 2671 703 2749 Regem
726 2665 846 2727 Gallum
866 2667 1027 2750 Religionis
1052 2667 1164 2730 hostem
1178 2669 1319 2739 ,hostem
1341 2690 1473 2732 nostrum
1491 2669 1690 2741 declaramus,

434 2771 599 2852 bellumque
610 2769 702 2836 eidem
724 2763 752 2827 dt
772 2785 890 2838 nostro,
912 2775 941 2830 dt
960 2773 1154 2832 Sacrosanetae
1177 2773 1322 2844 Romanae
1342 2774 1492 2836 Ecclesiae.
1504 2777 1622 2837 nomine
1642 2777 1691 2839 iu·
1743 2793 1749 2806 ·

437 2874 578 2934 dicimus.
600 2877 681 2934 Neve
701 2873 788 2934 alicui
818 2873 966 2936 vacatione
993 2875 1037 2936 uti
1056 2875 1156 2944 liceat,
1177 2893 1277 2936 omnes
1298 2894 1412 2938 nostem
1441 2897 1529 2962 atque
1564 2887 1592 2946 s.
1608 2883 1646 2944 tt.
1665 2887 1689 2944 1.

437 2976 623 3038 Feudatarios
643 2975 679 3044 ad
699 2995 776 3038 arma
797 2975 946 3040 nobiscum
968 2977 1148 3059 suscipienda
1169 2999 1326 3044 vocamus·
1356 2985 1475 3066 Insuper
1496 3005 1611 3066 quoquo
1631 2987 1689 3047 edi-

437 3081 548 3150 timus,
569 3101 604 3142 ur
625 3081 649 3140 si
669 3083 720 3162 qui
742 3078 817 3142 forre
837 3081 939 3148 ambis
959 3081 1135 3145 Reudstariis
1154 3099 1241 3153 sunt,
1263 3085 1314 3165 qui
1334 3087 1411 3168 Regi
1439 3089 1526 3162 Gallo
1543 3091 1689 3177 obligari.

438 3200 503 3253 tur,
517 3182 685 3246 adetlamto
706 3199 806 3250 nostro
825 3184 1030 3267 &Religionis
1051 3183 1134 3248 hoste
1154 3189 1369 3271 quamprimum
1391 3191 1554 3264 discedant,
1573 3197 1606 3257 in
1625 3217 1688 3279 par·

437 3303 539 3368 aesque
560 3303 670 3348 nocuas
691 3307 778 3369 quatu
798 3308 918 3371 propere
938 3305 1106 3352 transeant.
1127 3292 1189 3372 Qui
1210 3312 1246 3352 et
1266 3295 1402 3356 omnibus
1422 3315 1505 3358 secus
1524 3319 1613 3382 quatu
1641 3322 1692 3362 uo.

437 3391 534 3452 lurnus
553 3386 693 3461 fecerint,
714 3393 773 3472 jam
794 3409 871 3454 nunc
891 3414 907 3454 a
927 3397 989 3472 jure
1009 3396 1100 3456 feudi
1130 3396 1270 3458 excidisse
1301 3399 1521 3473 existimentur,
1556 3405 1694 3488 Saorique

439 3494 478 3554 R·
499 3495 525 3554 1.
543 3493 663 3556 rebelles
682 3491 858 3557 habeantur.
877 3497 956 3560 Haec
977 3513 1021 3558 est
1041 3496 1159 3573 huiusce
1190 3502 1449 3576 Edidisumma,
1480 3513 1560 3586 cu'pts
1592 3529 1695 3582 nonu.

440 3612 592 3666 mentum,
613 3613 646 3660 ut
665 3613 835 3678 perpetuum
854 3595 912 3666 sit,
933 3595 984 3658 has
1012 3599 1121 3663 litteras
1146 3615 1241 3666 manu*
1265 3617 1363 3670 nosue
1391 3609 1635 3692 subscripsimus,
1662 3618 1692 3674 dt

433 3714 573 3764 consueto
594 3698 695 3782 Sigillo
714 3716 815 3762 nostro
836 3700 980 3784 imperiali
1002 3703 1110 3765 muniri
1131 3707 1264 3784 iussimus
1285 3751 1294 3770 .
1314 3715 1425 3774 Datum
1455 3714 1488 3776 iu
1508 3715 1619 3798 oppidu
1640 3737 1691 3778 no·

438 3819 500 3865 atro
521 3799 699 3882 Antuerpiae
720 3800 767 3866 die
787 3803 1075 3874 X11.mensislulii
1096 3829 1173 3873 anno
1194 3812 1383 3874 aNatititate
1396 3815 1519 3876 Domini
1534 3821 1690 3881 MDXXI.

436 3907 664 3986 aegrorumque
683 3921 866 3977 nostrorum,
888 3905 1024 3980 videlicet
1044 3908 1200 3982 ursionis
1220 3915 1298 3986 sacri
1319 3917 1440 4000 Imperii
1456 3938 1534 3982 amo
1546 3921 1603 3982 ιιι,
1620 3920 1694 3985 alio.

435 4023 504 4074 rum
525 4025 594 4068 reso
613 4005 747 4073 omniun
766 4009 822 4076 VI»
957 4019 961 4027 '

1083 4117 1205 4182 Carolus
1216 4159 1224 4184 .

341 4285 424 4390 ,(71)
451 4309 523 4376 Vide
544 4279 678 4380 nausiet
700 4318 842 4380 Couostae
862 4319 1007 4402 Ponrbieii
1032 4327 1137 4404 Legati
1156 4329 1197 4388 ad
1215 4316 1367 4392 ¹<lanosum
1394 4332 1502 4410 Regem
1531 4271 1691 4410 spiriolos,

442 4437 512 4496 quas
532 4419 583 4478 tac
603 4422 638 4483 de
658 4441 687 4482 re
708 4425 785 4485 dedit
804 4439 863 4486 tusa
884 4429 922 4490 ad
943 4429 1062 4490 Lenaea
1084 4434 1201 4506 ipsum,
1220 4436 1337 4498 tunes
1367 4437 1529 4498 Mediteurs
1554 4440 1692 4501 Cardine·

437 4521 492 4583 lem
510 4517 647 4610 {Butram
667 4547 719 4587 eae
739 4529 769 4590 t‘rt
790 4531 918 4606 epistolis
935 4531 970 4592 di
992 4531 1142 4614 Principi‚
1160 4552 1179 4592 o
1200 4539 1224 4593 a'
1246 4535 1378 4620 Priatipi
1411 4542 1442 4622 p,
1478 4551 1526 4600 ιι.
1557 4560 1606 4605 ra.
1635 4547 1693 4624 Qui

432 4619 629 4690 tautummodo
647 4629 802 4712 eonjeduro
821 4633 990 4698 ,mossur
1008 4637 1048 4739 gd
1068 4638 1260 4776 rtgpt‘candeos
1275 4642 1327 4714 ‚sel
1342 4641 1507 4728 Pontificem
1523 4648 1631 4722 ipsum.
1646 4649 1692 4714 rel

1139 4738 1158 4778 0
1358 4759 1360 4766 .
