4386 5838
688 658 719 724 'v
816 661 831 728 t
889 664 894 672 '
928 657 960 728 Τ
1057 653 1086 726 lt
1471 669 1534 742 145

247 771 494 853 instrumenta,
518 775 611 864 quod
633 773 720 847 rette
743 775 910 868 judicaret
941 777 982 848 de
1016 775 1162 855 litteris,
1205 797 1282 844 cum
1315 773 1474 844 scriberet
1509 773 1582 859 ipse

246 896 354 983 patria
379 894 491 983 lingua
517 893 666 964 carmina
683 891 930 985 elegantissima
945 895 1024 982 (68)
1040 895 1132 989 quod
1149 894 1221 986 ejus
1244 892 1320 965 aula
1344 894 1434 966 omni
1449 891 1584 984 elegan-

243 1015 315 1100 tia,
341 1015 499 1104 omnique
519 1012 704 1084 festivitate
723 1035 762 1082 ac
788 1035 970 1085 venustate
999 1011 1176 1103 afflueret,
1205 1015 1371 1108 quodque.
1388 1015 1424 1085 in
1449 1037 1583 1107 augen-

245 1133 292 1204 da
315 1155 351 1205 re
375 1157 444 1203 non
469 1134 629 1204 avaritiae
655 1133 840 1219 praedam,
867 1135 927 1204 sed
960 1133 1130 1220 bonitati,
1177 1134 1434 1228 liberalitatique
1468 1151 1583 1202 mate·

201 1300 205 1306 ,
253 1253 336 1324 aiem
376 1271 591 1344 quaereret.
640 1251 846 1322 prosuerunt
890 1251 1046 1337 litterae,
1070 1255 1331 1346 suavissimique
1356 1277 1467 1324 mores
1506 1256 1584 1323 Do·

244 1373 346 1460 vitii,
371 1377 405 1444 St
428 1371 540 1442 studia
566 1369 768 1453 Pontificis,
791 1389 830 1441 ut
856 1372 897 1442 ab
922 1394 965 1441 eo
999 1375 1298 1444 constantiensem
1339 1373 1581 1462 Episcopatum

246 1490 436 1574 obtineret,
456 1513 567 1580 neque
582 1489 717 1577 putabis
734 1488 828 1560 illurn
847 1491 1094 1581 suppuduisse,
1110 1491 1234 1562 idcirco
1248 1491 1329 1583 quia
1339 1490 1453 1560 multis
1471 1509 1583 1576 antea,

248 1609 357 1702 iisque
379 1609 555 1680 ditissimis
581 1608 698 1679 auctus
723 1607 834 1680 luerat
857 1609 1074 1682 sacerdotiis.
1100 1612 1184 1680 Nam
1205 1630 1275 1681 tam
1300 1607 1360 1678 alti
1379 1609 1580 1701 profusique

247 1728 353 1800 enimi
377 1747 476 1810 erat,
500 1745 588 1798 teste
612 1727 686 1817 ipso
711 1727 899 1828 Pontifice,
923 1730 1020 1799 utin
1044 1730 1190 1800 maxima
1215 1752 1294 1800 aera
1321 1727 1429 1799 aliena
1452 1729 1581 1798 incide·

243 1843 320 1944 rit,
354 1848 402 1918 sic
440 1865 479 1918 ut
506 1846 553 1918 illi
578 1849 827 1940 quodammodo
868 1847 1112 1940 ignoscendum
1146 1847 1322 1935 videatur,
1353 1845 1445 1938 quod
1480 1845 1582 1916 morti

247 1966 425 2054 proximus
450 1969 576 2058 magnis
600 1968 755 2056 precibus
781 1966 1033 2056 postulaverit,
1059 1985 1098 2036 ut
1127 1967 1365 2056 Episcopatum
1390 1967 1481 2036 hunc
1509 1985 1583 2034 tra-

247 2086 328 2158 dere
352 2087 479 2158 sororis
503 2101 583 2156 suae
609 2085 679 2155 filio
703 2109 844 2177 magnae
869 2085 942 2174 spei
968 2084 1176 2156 adolescenti
1200 2085 1264 2157 sibi
1288 2085 1465 2158 licuisset.
1491 2088 1578 2171 Leo,

248 2207 305 2276 cui
327 2208 439 2296 :uirtus
470 2204 579 2276 aliena
603 2229 695 2294 spem
719 2207 862 2296 augebat
886 2229 982 2276 suam
1005 2211 1038 2276 dc
1063 2229 1200 2276 suorum
1218 2205 1439 2295 amplificandi
1456 2226 1580 2295 poten-

249 2327 357 2408 tiam,
379 2325 602 2396 domesticum
627 2323 769 2408 foedus,
795 2324 887 2414 quod
912 2325 1056 2396 habebat
1082 2349 1157 2398 cum
1183 2326 1386 2408 Francisco,
1426 2323 1581 2396 ardliori·
1648 2303 1651 2313 Ι

245 2440 309 2517 bus
356 2443 512 2521 uinculis¹
534 2445 735 2515 confirmare
760 2465 964 2534 magnopere
997 2446 1216 2534 concupivit.
1242 2447 1317 2537 Egit
1352 2446 1468 2537 itaque
1503 2466 1579 2516 cum

246 2563 291 2636 ee
314 2565 356 2636 de
380 2566 504 2654 nuptui
529 2563 692 2634 tradenda
717 2565 929 2646 Laurentio,
956 2564 992 2634 in
1017 2586 1085 2654 quo
1120 2565 1300 2655 praecipue
1334 2567 1400 2635 sita
1434 2565 1581 2636 videba-

246 2703 305 2755 tur
329 2706 405 2772 spes
431 2681 590 2754 fortunae
614 2681 847 2753 Mediceorum
872 2679 1038 2764 familiae,
1063 2682 1401 2773 MagdalenaTrrrria
1423 2684 1582 2774 primaria

246 2781 401 2888 lemine,
425 2808 507 2899 Regi
530 2808 593 2896 ipsi
618 2809 820 2898 cognatione
846 2804 984 2898 juncta.
1009 2808 1090 2876 Erat
1115 2807 1206 2878 enirn
1242 2832 1261 2879 e
1287 2808 1416 2881 familia
1440 2807 1582 2880 bolonia

246 2928 287 3000 in
313 2926 554 2998 Ambianorum
577 2925 700 2996 linibus
737 2925 779 2996 ad
813 2925 988 2998 Oceanum
1025 2926 1124 2999 valde
1161 2927 1314 3000 illustri·
1348 2933 1433 3000 Cum
1473 2947 1582 3002 totam

245 3051 341 3142 banc
364 3072 433 3120 rem
458 3047 605 3138 ejusdem
630 3045 729 3135 Regis
754 3045 832 3118 fidei
865 3070 904 3118 ac
945 3045 1137 3120 liberalitati
1173 3048 1407 3138 permisisset,
1447 3073 1483 3120 se
1509 3071 1580 3126 non

247 3167 404 3254 dubitare
428 3166 539 3247 dixit,
564 3164 646 3256 quin
670 3165 869 3236 decreturus
899 3163 954 3238 ille
979 3185 1093 3253 esset,
1121 3170 1213 3261 quod
1238 3193 1280 3240 er
1315 3168 1494 3260 utriusque
1530 3168 1582 3240 di·

159 3285 163 3291 '
247 3284 382 3378 gnitate
408 3284 606 3367 videretur,
632 3281 775 3355 illud&
803 3285 952 3368 addens,
977 3307 1099 3358 novam
1122 3287 1209 3356 iana
1232 3289 1414 3357 animarum
1436 3287 1585 3384 congia«

246 3403 445 3484 riaaaoaem
469 3404 516 3474 t‘ta
538 3420 611 3476 esse
635 3383 906 3498 suscipiendam,
931 3421 970 3476 nt
992 3427 1058 3500 quo
1082 3406 1320 3498 conjunctiores
1354 3425 1465 3478 essent
1497 3409 1584 3478 inter

247 3544 317 3603 se,
341 3547 385 3595 eo*
402 3522 482 3618 plus
504 3523 579 3618 opis
614 3541 712 3618 atque
732 3525 894 3619 praesidii
918 3526 953 3594 in
978 3546 1179 3597 commanem
1204 3525 1413 3598 Christianae
1449 3527 1584 3622 Reipu-

249 3632 360 3712 bacae
379 3641 549 3714 utilitatem
574 3645 704 3738 utrique
728 3660 839 3730 essent
860 3640 1017 3716 allaturi.
1042 3645 1170 3715 Harum
1194 3646 1412 3734 nuptiarum,
1450 3652 1484 3719 tr
1522 3671 1585 3719 su·

246 3761 418 3852 scipiendi
442 3785 561 3835 caussa
583 3762 778 3836 lustralibus
805 3765 902 3857 aquis
935 3763 1105 3836 Pontificis
1140 3767 1276 3837 nomine
1307 3763 1431 3848 lilium,
1466 3767 1526 3860 qui
1563 3791 1584 3840 a

249 3881 437 3972 francisco
469 3883 673 3956 &Claudia
706 3884 873 3958 Ludovici
907 3902 974 3958 ΧΠ.
1007 3881 1075 3954 filia
1114 3901 1215 3956 natus
1249 3905 1348 3971 erat,
1382 3887 1585 3960 Laurentius

249 4021 322 4104 una
348 4025 424 4071 curn
448 4002 598 4093 Philippo
622 4003 794 4090 Strotlio,
819 4005 963 4097 aliisque
989 4005 1163 4093 primariae
1200 4005 1390 4076 nobilitatis
1428 4007 1508 4077 viris
1546 4009 1583 4080 itt

251 4118 398 4192 Galliam
424 4122 595 4193 concessit
619 4120 724 4214 (⁶9).
751 4107 868 4196 Habiti
891 4127 972 4197 huic
1007 4127 1190 4217 singulares
1227 4129 1377 4200 honores
1418 4126 1585 4217 fuerunt,

250 4263 318 4312 nec
344 4241 387 4312 ad
411 4242 664 4331 promerendam
688 4245 788 4336 Regis
813 4245 957 4336 gratiam
981 4245 1191 4318 mediocriter
1225 4245 1352 4329 valuit,
1396 4249 1487 4340 quod
1523 4271 1585 4319 se·

250 4381 331 4430 curn
357 4358 523 4452 attulisset
547 4362 721 4452 diploma,
745 4388 815 4456 quo
839 4361 998 4436 Pontifex
1021 4363 1087 4454 ipsi
1111 4367 1193 4456 Regi
1218 4366 1433 4455 permittebat
1470 4390 1580 4457 pecu·

249 4476 356 4582 eiam
371 4478 459 4587 sacri
481 4479 560 4592 belli
597 4503 719 4595 caussa
752 4506 796 4560 ex
827 4481 998 4562 Ecclesiae
1032 4486 1131 4562 bonis
1153 4517 1154 4522 ¹
1174 4505 1388 4585 corrugatam
1412 4487 1583 4568 arbitrata

371 4629 375 4637 ’
787 4637 789 4640 ·
946 4603 979 4678 t
