4392 5838
547 767 613 884 ³03
651 781 655 790 ’
1264 857 1268 864 .
1570 873 1573 876 ,

578 898 780 986 compleam,
802 911 879 992 cujus
902 908 997 972 cultor
1010 908 1107 987 suerat
1129 907 1244 968 Marsus
1268 906 1422 966 Masatos.
1450 903 1521 966 Vile
1537 903 1623 966 etiarn
1644 896 1724 990 liujus
1737 904 1829 965 Prae·

509 1013 520 1028 ‘
573 1015 713 1092 sationem
736 1016 764 1074 ia
786 1014 960 1073 Pausaniam
978 1050 993 1082 ,-
1007 1001 1062 1090 qua
1080 1011 1228 1094 affectantur
1247 1013 1341 1071 studia
1362 1011 1465 1070 Leonis
1488 1029 1555 1086 erga
1570 1008 1726 1068 litterarum
1741 1009 1830 1068 Grae·

577 1139 672 1178 earum
695 1119 833 1176 cultores·
856 1117 979 1178 Omnino
1000 1118 1112 1178 litterae
1134 1135 1227 1176 omnes
1248 1117 1349 1193 ubique
1369 1114 1559 1172 traliabantur
1578 1113 1747 1188 splendidius
1772 1125 1829 1170 stu·

581 1225 636 1283 diis
660 1222 782 1286 leonis.
806 1223 853 1296 qui
875 1213 979 1302 effecit]
1004 1221 1206 1298 utaliquando
1226 1240 1280 1282 noa
1305 1221 1386 1278 molo
1415 1219 1536 1276 Romam
1568 1218 1598 1276 in
1627 1216 1693 1274 urbe
1714 1217 1826 1278 Roma.

581 1317 824 1388 tcl&1raliam
853 1326 883 1385 ia
905 1325 995 1385 Italia
1016 1327 1112 1386 liceret
1141 1343 1306 1404 agnoscere,
1327 1325 1394 1398 quia
1416 1336 1503 1380 ortum
1526 1321 1604 1378 decus
1625 1322 1655 1378 ia
1682 1318 1736 1378 illa
1767 1315 1833 1376 urbe

568 1433 667 1509 ‘facile
690 1431 822 1489 manabat
843 1420 877 1492 ὁ·
898 1427 1102 1506 difficnledatur
1119 1451 1170 1505 per
1188 1451 1280 1490 omnes
1302 1446 1395 1508 gentes
1412 1441 1524 1506 propter
1551 1425 1632 1494 illias
1673 1422 1839 1481 communio·

586 1556 666 1604 nem,
690 1523 724 1595 ὰ
745 1537 825 1611 quasi
847 1536 1005 1594 societatem
1027 1551 1085 1590 cum
1107 1534 1171 1593 orbe
1190 1551 1326 1594 terrarum
1348 1537 1500 1594 uniuerso.
1523 1529 1580 1588 Illo
1601 1542 1694 1586 autem
1732 1525 1840 1584 cnivis

588 1643 732 1716 adempto,
755 1641 888 1714 reliquias
908 1658 1011 1696 aureae
1030 1640 1133 1697 aetatis
1154 1639 1204 1698 uix
1219 1659 1250 1696 ac
1263 1658 1297 1699 ae
1319 1639 1368 1698 uix
1387 1637 1498 1714 quidem
1515 1635 1609 1712 potuit
1623 1633 1765 1710 quispiam
1779 1631 1837 1690 Ro-

591 1762 654 1802 mae
674 1761 844 1818 agnoscere.

512 1848 598 1926 (ιη)
619 1845 713 1926 qu‘us
736 1825 972 1904 rei'monumenta
992 1844 1136 1902 extantia
1157 1846 1282 1919 epistolis
1305 1841 1385 1906 Petri
1406 1843 1507 1904 Bembi
1528 1843 1631 1902 Leonis
1654 1841 1764 1900 nomine
1778 1838 1843 1897 scri·

545 1955 551 1964 '
589 1951 673 2026 plis·
695 1949 748 2007 Est
768 1949 853 2008 etiam
876 1950 905 2007 in
927 1949 977 2008 dib.
1009 1949 1066 2006 IX.
1093 1951 1217 2026 epistola
1253 1949 1291 2010 ad
1320 1947 1498 2008 franciscum
1530 1945 1726 2007 Marcdionem
1752 1943 1842 2002 Man-

595 2068 677 2122 tuae,
698 2071 754 2127 qua
775 2071 835 2110 eum
851 2051 906 2110 Les
918 2065 1021 2129 rogat,
1042 2067 1073 2109 ut
1094 2053 1267 2112 Michaedem
1290 2053 1458 2118 lucensem,
1477 2052 1525 2126 qui
1538 2048 1740 2127 grauiorevoce
1752 2048 1841 2106 sonci·

597 2154 699 2221 nebat,
719 2156 758 2213 ad
778 2156 968 2221 scintillaret,
991 2144 1026 2217 ὸ*
1047 2159 1169 2230 epistola
1201 2161 1238 2216 ad
1258 2158 1432 2236 Alpionsuas
1456 2155 1633 2216 cardinalem
1668 2152 1819 2211 Senensent
1840 2191 1850 2218 ,

595 2273 628 2318 ut
653 2258 708 2317 sili
733 2277 849 2334 paenam
879 2257 996 2316 Gallum
1025 2261 1202 2330 concederet,
1229 2279 1309 2336 quens
1338 2282 1429 2322 secum
1455 2261 1593 2327 habebat,
1623 2258 1743 2316 musicae
1777 2253 1848 2312 artis

545 2357 549 2368 '
596 2363 734 2438 petitum·
756 2362 878 2420 Omnino
899 2361 1033 2422 uoluisset
1061 2363 1177 2422 retinere
1198 2363 1309 2422 Romae
1343 2364 1540 2432 Timotheum,
1566 2379 1622 2437 quo
1655 2357 1846 2433 aRapltaele

600 2463 713 2524 Sanliio
733 2479 845 2526 uocatus
856 2462 933 2540 suit,
945 2465 1079 2540 piliorem
1107 2465 1272 2524 Urbinatem
1293 2487 1347 2525 aon
1368 2469 1449 2524 modo
1469 2465 1503 2524 ob
1521 2463 1723 2540 praestantiam
1744 2464 1774 2522 in
1788 2461 1853 2537 pia·

601 2571 711 2645 gendo,
733 2569 885 2628 sedetiam
911 2568 941 2626 in
968 2567 1106 2642 pulsanda
1140 2567 1205 2646 lyra
1225 2569 1348 2645 aliisque
1369 2570 1482 2630 musicis
1504 2569 1721 2635 instrumentis,
1743 2569 1792 2626 sed
1813 2568 1857 2632 is.

572 2727 574 2732 .
604 2691 665 2731 acm
688 2671 817 2732 nonsibi
838 2669 945 2738 solum,
967 2672 1016 2729 sed
1033 2671 1164 2746 patriae,
1187 2674 1236 2732 sed
1252 2673 1309 2733 suis
1323 2687 1412 2734 ortum
1433 2693 1462 2734 se
1483 2659 1673 2741 diceret‚'nec
1695 2672 1788 2738 donis,
1807 2688 1856 2729 nee

601 2777 752 2851 promissis
773 2775 853 2838 allici
873 2773 991 2848 potuit.

523 2877 612 2960 (119)
635 2879 694 2957 Qui
717 2877 769 2936 lcac
789 2877 822 2936 cle
845 2895 873 2935 re
893 2889 953 2932 tora
971 2873 1057 2951 plura
1078 2877 1149 2936 scire
1177 2879 1252 2959 cupit
1272 2882 1358 2942 adeat
1377 2879 1513 2958 Apostoli
1534 2879 1606 2939 Zeni
1629 2875 1856 2938 Dissertationes

613 2982 766 3043 Vossianus
787 2999 820 3040 eo
840 2981 870 3041 in
893 2980 979 3050 loco,
1001 2979 1032 3040 in
1051 3001 1106 3059 quo
1127 2983 1331 3063 deAagustiao
1352 2985 1477 3045 Patricia
1498 2983 1588 3044 multa
1606 2979 1794 3041 eruditissime
1808 2995 1857 3036 suo

608 3105 682 3146 morte
704 3079 836 3146 disserit.
1739 3087 1742 3094 '

528 3184 617 3268 (ιω)
637 3187 755 3251 Sacmm
784 3209 875 3252 ensem
908 3188 945 3254 U
969 3187 1079 3266 pileum
1111 3191 1191 3252 misit
1220 3189 1400 3269 Sigismundo
1421 3191 1498 3270 Regi
1519 3189 1682 3259 Poloaiae,
1708 3199 1862 3264 posteaque

586 3295 826 3356 ‘Maximiliano
846 3296 984 3363 Caesari,
1004 3297 1080 3374 cujus
1103 3297 1142 3354 rei
1171 3297 1359 3356 narrationem
1382 3295 1453 3372 serit
1482 3295 1603 3354 latoius
1627 3291 1786 3360 Manlius,
1823 3308 1860 3348 erc

613 3419 668 3475 quo
689 3402 824 3478 excripsit
843 3401 1006 3462 ciacconius
1026 3403 1056 3460 in
1076 3402 1137 3461 uita
1157 3398 1271 3460 Athens·
1289 3397 1452 3460 Cardiaadis
1473 3395 1754 3474 Braadeiurgeasis.
1776 3393 1865 3453 Tan.

617 3501 674 3560 111.
694 3502 749 3561 col.
771 3522 843 3578 4¹5·

538 3597 628 3682 (121)
649 3607 760 3664 Ceteros
781 3606 854 3664 incer
881 3609 946 3668 uide
972 3607 1089 3668 Petrum
1120 3605 1260 3688 Baylium
1282 3605 1459 3668 Dillionaise
1488 3602 1657 3684 Histosique
1687 3605 1716 3660 dt
1746 3596 1871 3680 critique

621 3707 734 3770 Atticis
754 3711 835 3768 Leon
856 3710 895 3768 X·
918 3709 994 3770 Sane
1015 3709 1123 3768 nullum
1144 3713 1180 3768 ab
1202 3712 1240 3770 iis
1260 3709 1355 3792 afferri
1373 3723 1465 3788 potest
1485 3711 1696 3775 testimonium,
1717 3703 1798 3764 nulla
1823 3701 1870 3764 uel

619 3813 767 3875 leuissima
788 3814 961 3892 conjeliura,
992 3831 1064 3887 qaae
1089 3811 1203 3887 saciant
1221 3813 1401 3873 uerisimilem
1423 3815 1609 3874 narrationem
1629 3810 1810 3888 quonamdam
1830 3808 1875 3867 di·

623 3919 728 3976 aarum
750 3914 832 3992 illins
853 3917 886 3976 de
908 3916 1039 3984 Christo,
1063 3911 1099 3977 ὁ*
1118 3917 1152 3977 de
1173 3917 1286 3976 anianae
1307 3916 1541 3976 immortalitate.
1563 3916 1669 3975 Multis
1689 3915 1801 3991 quidem
1821 3911 1876 3970 ira·
1918 3969 1922 3976 ,

619 4020 749 4097 pudicam
770 4017 886 4080 illorum
907 4018 1107 4095 impudentiam
1128 4037 1276 4098 coarguere
1293 4043 1455 4100 possemus.
1475 4025 1524 4082 sed
1544 4022 1657 4080 minime
1678 4037 1786 4078 necesse
1800 4016 1875 4076 arli-

626 4135 736 4180 tramur
755 4123 802 4182 diu
822 4123 853 4183 in
872 4123 1048 4201 confutandis
1076 4123 1186 4200 fabulis
1208 4128 1372 4186 immorari.
1399 4125 1464 4183 Hoc
1497 4139 1591 4184 tamen
1619 4121 1733 4206 afferam
1764 4139 1847 4179 unum
1874 4151 1884 4166 ·

626 4225 755 4288 Noverat
774 4225 833 4284 Leo
855 4225 970 4285 Petrum
992 4227 1210 4302 Pomponatium
1234 4231 1444 4298 Mantuanuac,
1473 4227 1691 4304 laudaveratque
1723 4225 1877 4300 plurimas

565 4393 568 4401 ,
629 4329 690 4409 ep'us
712 4331 742 4388 ia
759 4309 942 4404 philosophia
963 4329 1135 4388 dollrinam·
1161 4331 1220 4390 Uli
1247 4353 1311 4392 uero
1334 4335 1443 4393 audiuit
1461 4335 1491 4393 in
1513 4333 1627 4392 dubium
1656 4333 1693 4393 ab
1713 4349 1749 4390 eo
1771 4347 1880 4390 reuoca·

631 4433 656 4492 ri
677 4434 790 4494 animae
809 4433 1067 4502 immortalitatem,
1090 4453 1144 4494 aon
1166 4434 1255 4496 solum
1277 4439 1337 4516 ejus
1359 4437 1467 4514 sallum
1496 4437 1685 4511 inprobavit,
1702 4437 1765 4496 'sed
1790 4437 1877 4496 etiarn

633 4533 711 4592 dedit
728 4553 864 4611 operam,
884 4549 917 4595 ut
935 4557 954 4596 a
976 4537 1102 4598 Concilio
1123 4538 1309 4599 lateranensi
1330 4541 1431 4616 dogma
1451 4539 1615 4600 catholicum
1645 4537 1880 4616 confirmaretur.

639 4635 751 4705 Balei.
773 4637 907 4710 Placet,
930 4639 1106 4716 aliorumque
1131 4641 1287 4702 calumnias
1308 4645 1339 4704 ia
1367 4645 1488 4704 Leonem
1526 4644 1686 4708 Gretsencs,
1719 4643 1887 4718 Coquaeus,

635 4739 778 4822 Coeffetau
793 4781 803 4812 ,
818 4741 927 4820 aliique
947 4745 1148 4824 confictorum.
1176 4745 1304 4826 Baylius
1335 4749 1419 4825 ipse,
1448 4749 1605 4826 ceteroquin
1630 4745 1732 4824 fautor
1759 4747 1884 4886 'asinius

1794 4847 1853 4908 dm⁶
