4386 5838
637 801 706 880 104
1029 787 1057 862 l.
1104 791 1213 860 {0
1262 793 1292 861 N
1340 795 1355 862 l
1404 783 1426 858 S
1497 792 1540 860 Χ.

583 905 669 977 tltnn
697 905 909 996 Mediceum,
926 910 1029 1006 ‘cnjus
1064 910 1206 983 consilio
1247 909 1516 1000 audloritateqne
1554 898 1644 990 (bic
1685 901 1772 977 enim
1797 901 1913 974 omnia

579 1028 732 1109 omnium
752 1017 1042 1126 concupiscebat)
1064 1056 1124 1123 spe
1160 1030 1321 1122 depulsus
1355 1027 1421 1100 fuit
1459 1023 1640 1100 obtinendi
1672 1019 1916 1115 praesedluram

579 1148 754 1238 copiarum
779 1169 851 1223 tum
876 1153 1051 1225 Pontificis
1067 1165 1083 1241 ,'
1111 1171 1185 1230 turn
1210 1141 1425 1224 florentinae
1452 1144 1700 1238 Reipublicae,
1734 1168 1837 1238 quam
1861 1167 1919 1236 ge·

579 1267 675 1339 rebat
700 1269 875 1357 Julianus,
905 1297 1075 1366 quamque
1097 1273 1186 1358 sibi,
1210 1291 1395 1362 antequam
1422 1288 1611 1342 moreretur
1630 1320 1640 1355 ,
1661 1265 1893 1338 destinaverat
1903 1289 1918 1350 3

577 1387 693 1482 itaque
719 1385 865 1484 injuriae
890 1391 1108 1464 ulciscendae
1132 1393 1351 1462 occasionem
1377 1389 1470 1462 baud
1494 1387 1731 1462 dimittendam
1755 1406 1830 1458 esse
1856 1407 1924 1474 pn·

569 1508 694 1580 navit.
725 1512 772 1582 Ut
798 1511 930 1583 audivit
954 1493 1111 1582 Pontifex
1136 1511 1254 1582 eodem
1288 1508 1449 1604 illofdie,
1487 1532 1557 1605 quo
1593 1507 1725 1579 reddita
1758 1503 1915 1576 Veronae

575 1627 655 1698 urbs
684 1629 830 1700 Venetis
857 1630 948 1718 snit,
982 1651 1090 1704 totam
1115 1631 1205 1702 illam
1243 1651 1380 1700 manum
1414 1650 1458 1700 ex
1497 1651 1539 1698 eo
1560 1625 1659 1698 ,loco
1695 1625 1917 1714 discessisse,

576 1764 679 1838 atque
696 1749 758 1820 iter
775 1749 938 1822 Urbinum
954 1773 1074 1824 versus
1100 1749 1316 1838 suscepisse,
1336 1732 1756 1841 magnopere'commotns
1772 1765 1830 1818 ,est
1846 1767 1915 1814 non

577 1883 644 1934 tam
671 1886 807 1959 propter
831 1871 996 1943 virtutem
1021 1871 1337 1970 dttcum,militum
1365 1873 1621 1958 fortitudinem,
1641 1873 1673 1940 δι
1696 1867 1845 1940 incertos
1872 1889 1918 1935 a·

573 1983 684 2055 nimos
709 1987 883 2060 hominnm
907 1995 942 2062 bt
970 1991 1050 2063 belli
1087 1992 1233 2078 exitus,
1268 1991 1334 2062 ¹sed
1369 1993 1477 2062 etiam
1512 2011 1651 2082 propter
1682 2011 1833 2070 mettun,
1872 2007 1916 2056 ne

571 2105 707 2179 Galliae
730 2110 830 2191 Rex,
854 2110 909 2182 cui
934 2111 1040 2206 justas
1084 2111 1318 2205 querimoniae
1350 2135 1489 2184 caussas
1521 2113 1659 2184 dederat
1695 2111 1740 2182 ob
1783 2104 1916 2194 multa,

571 2227 757 2320 dequibus
783 2231 957 2302 Bononiae
984 2248 1336 2318 convenerant,rron
1372 2233 1471 2323 plane
1497 2253 1653 2319 servata,
1694 2226 1814 2300 iisdem
1856 2242 1915 2294 aut

573 2347 733 2434 occulte,
760 2367 819 2419 aut
845 2368 956 2440 aperte
983 2348 1139 2438 faveret.
1157 2354 1227 2424 Nec
1252 2357 1485 2441 occurrebat,
1512 2359 1731 2449 cujusopem
1756 2351 1790 2418 bt
1814 2343 1915 2416 auxi-

477 2523 485 2532 .
570 2465 654 2536 lium
681 2467 899 2559 imploraret,
924 2470 1016 2562 quod
1039 2473 1161 2544 Veneti
1186 2473 1260 2566 ejus
1290 2475 1466 2565 potentiae
1490 2471 1667 2567 &gloriae
1693 2468 1914 2552 invidebant,

572 2585 747 2681 ceterique
771 2589 966 2680 Principes,
992 2593 1053 2686 qni
1091 2595 1126 2662 in
1163 2593 1266 2664 Italia
1303 2593 1588 2674 dominabantur,
1629 2591 1749 2682 positis
1787 2585 1913 2670 armis,

573 2705 721 2794 foedus,
748 2727 807 2779 aut
831 2733 947 2799 pacem
974 2733 1051 2781 cum
1076 2713 1260 2786 Francisco
1285 2719 1376 2806 Rege
1396 2715 1642 2786 confecerant.
1667 2711 1790 2795 Adde,
1821 2702 1915 2798 quod

569 2849 624 2897 res
651 2827 790 2920 indigna
815 2829 994 2902 videbatur
1024 2833 1204 2921 omnibns,
1234 2836 1334 2907 urbes
1362 2839 1396 2907 δι
1426 2834 1522 2908 sedes
1548 2857 1628 2906 suas
1654 2831 1821 2920 eripuisse
1852 2826 1915 2924 hof

550 2946 672 3032 ¹mini,
700 2971 719 3018 a
744 2971 812 3040 quo
838 2949 932 3020 nulla
945 2947 1058 3022 laesus
1079 2953 1263 3042 putabatur
1289 2955 1431 3048 injuria,
1447 2958 1602 3048 quamvis
1628 2953 1659 3026 ei
1675 2949 1820 3040 plurima
1843 2935 1916 3016 cri·¹

568 3069 656 3141 mini
680 3069 831 3152 dederit,
855 3093 943 3162 quae
969 3093 1135 3164 quantum
1160 3073 1373 3146 irritaverint
1388 3075 1522 3170 invenis
1544 3075 1690 3144 animum
1709 3071 1837 3162 gloriae
1854 3089 1916 3136 cu-

567 3189 714 3278 piditate
740 3191 919 3261 incensum
944 3191 1028 3262 nihil
1058 3194 1183 3265 attinet
1206 3196 1339 3266 dicere.
1367 3199 1526 3264 Ceterum
1559 3216 1620 3263 seu
1661 3214 1724 3260 sua
1762 3205 1915 3276 sponte,

572 3328 632 3378 seu
658 3331 797 3382 suorum
822 3311 957 3382 libidine
982 3333 1178 3386 moveretur
1205 3319 1298 3400 Leo,
1328 3314 1473 3404 experiri
1498 3311 1645 3396 ultima,
1683 3315 1718 3382 δι
1748 3308 1912 3396 impetunt

573 3422 609 3497 in
633 3429 751 3500 hostes
769 3432 888 3504 lacere
914 3435 1082 3509 decrevit.
1112 3436 1155 3506 Hi
1175 3435 1364 3508 incredibili
1389 3434 1561 3506 celeritate
1579 3455 1637 3523 per
1660 3429 1912 3502 Bononiensem

573 3570 710 3640 agrum,
737 3574 861 3644 perque
886 3555 1010 3646 oppida
1033 3557 1207 3633 ferrariae
1233 3559 1325 3629 Duci
1350 3553 1520 3650 subjella,
1547 3559 1581 3625 δι
1614 3549 1816 3630 Aemiliam,
1848 3569 1912 3634 ne·

572 3668 663 3738 mine
689 3671 886 3758 resistente,
915 3673 981 3744 iter
1014 3672 1254 3761 confecerunt,
1293 3657 1445 3769 cumque
1478 3673 1715 3768 pervenissent
1749 3669 1791 3738 ad
1827 3665 1912 3737 fines

572 3789 809 3875 Urbinatium,
835 3813 965 3863 summa
999 3797 1152 3882 omnium
1179 3796 1356 3868 alacritate
1392 3797 1543 3884 suscepti
1578 3794 1700 3864 suere.
1738 3783 1910 3866 Proseditts

571 3904 744 3986 Florentia
769 3909 969 3985 Laurentius
999 3939 1077 3985 cum
1104 3918 1211 4007 copiis
1236 3917 1357 4006 raptim
1381 3911 1531 3984 colledlis
1546 3909 1562 3994 ,'
1589 3911 1813 4000 evocatisque
1839 3906 1909 3986 iis,

484 4051 486 4058 ·
573 4051 660 4118 qnae
683 4029 727 4100 ad
752 4031 949 4102 Ravennam
973 4053 1090 4118 erant,
1116 4035 1306 4128 quibusque
1330 4035 1540 4124 imperabant
1558 4033 1703 4102 Rentius
1724 4029 1854 4100 Cerites
1875 4030 1910 4098 bt

572 4149 758 4237 Vitellius,
798 4151 932 4223 minime
969 4155 1154 4227 retardavit
1192 4156 1336 4244 impetus
1369 4153 1549 4237 hostium,
1572 4154 1630 4244 qui
1655 4153 1721 4243 jam
1747 4148 1910 4244 Urbinunt

574 4289 810 4354 accesserant,
836 4292 1019 4364 antequam
1044 4274 1099 4346 ille
1124 4275 1310 4346 Caesenam
1325 4273 1537 4363 perveniret.
1563 4273 1722 4340 Praeerat
1751 4267 1839 4338 illius
1856 4287 1912 4333 ur·

570 4388 626 4459 itis
652 4390 724 4460 arci
749 4391 893 4492 lacobus
918 4393 1099 4464 Rossettus
1125 4393 1284 4476 Tisernas
1298 4440 1310 4476 ‚
1333 4393 1394 4485 qui
1420 4393 1528 4482 primo
1555 4414 1632 4462 cnm
1673 4388 1836 4460 obsistere
1878 4385 1911 4448 &

573 4503 755 4577 defendere
782 4529 987 4594 conaretur,
1010 4530 1049 4582 ut
1074 4511 1160 4583 vidit
1184 4535 1386 4584 concurrere
1413 4513 1454 4581 ad
1480 4535 1573 4582 arma
1598 4507 1652 4579 vel
1687 4508 1776 4596 ipsas
1806 4502 1912 4574 lemi-

569 4647 638 4698 atas
665 4631 700 4698 δι
723 4648 823 4701 senes
849 4629 930 4705 odio
955 4630 992 4704 itt
1016 4653 1172 4718 notram,
1197 4635 1230 4704 et
1255 4652 1369 4702 amore
1392 4631 1433 4700 in.
1461 4649 1613 4704 veterem
1639 4625 1814 4698 dominum
1836 4673 1846 4703 ,
1870 4639 1911 4691 nt

1825 4767 1861 4815 nt
