4372 5842
657 666 724 737 ιη
1041 647 1074 722 b
1118 653 1146 728 t
1193 655 1306 726 ortt
1352 658 1368 728 1
1418 655 1440 726 8
1513 657 1554 729 Χ.

604 771 704 844 dium
731 758 875 856 Detum',
901 791 1005 864 quem
1026 775 1198 848 Romanas
1213 775 1306 866 leges
1332 778 1557 866 explicantem
1584 775 1809 857 audierat,in
1832 773 1942 848 corle
2006 867 2009 874 ¹

603 891 693 982 giurn
721 891 976 962 Advocatorrttn
1001 895 1103 974 sacri,
1127 917 1165 968 ut
1190 919 1338 976 vocant,
1363 899 1570 968 Concistorii
1598 923 1665 968 unt
1692 923 1767 966 cunr
1793 899 1943 968 Franci·
2040 885 2044 892 ¹

604 1033 663 1082 sco
707 1008 959 1083 Guicciardinio
987 1013 1151 1097 adscivit3
1177 1015 1235 1090 trel
1258 1018 1422 1106 propriae
1442 1014 1591 1090 familiae
1614 1018 1814 1110 cognomine
1832 1034 1945 1107 atquo:

604 1151 778 1202 stemmate
803 1132 999 1205 honestavit
1024 1134 1250 1227 Augustinrtm
1277 1138 1421 1225 Niphunt
1441 1145 1663 1222 Suessanum,
1680 1143 1711 1207 dt
1737 1138 1936 1228 lttcltigyrrt·

606 1251 703 1322 nasio
719 1273 782 1320 suo
803 1253 974 1336 Romano,
999 1256 1051 1328 nti
1069 1257 1303 1333 narrauimus·,
1320 1256 1428 1346 ampla
1451 1258 1602 1328 mercede
1619 1258 1767 1330 addixit:
1792 1257 1827 1327 in
1847 1257 1938 1346 pritt-

604 1373 733 1464 cipibus
758 1376 845 1446 enim
870 1375 1155 1468 philosophorum
1175 1377 1468 1466 Peripateticorum
1492 1380 1762 1450 numerabatur.
1783 1380 1860 1448 N'ou
1890 1375 1935 1447 li-

604 1493 662 1566 bet
688 1514 829 1568 ceteros.
846 1498 985 1568 Pisanos
1011 1497 1191 1587 magistros
1216 1519 1497 1582 commemorare,
1526 1495 1584 1587 qui
1609 1496 1773 1569 beneficia
1791 1523 1810 1567 a
1825 1498 1947 1569 Leone

606 1638 807 1708 acceperunt
831 1667 842 1688 .
865 1617 1015 1692 Silentio.
1032 1639 1150 1692 tamen
1163 1615 1311 1690 minime
1327 1617 1614 1704 praetereundum
1631 1635 1809 1706 putamus,
1828 1619 1939 1724 ipsum

605 1735 842 1808 reconciliasse
869 1740 1052 1813 Romanae,
1066 1736 1235 1810 Ecclesiae
1262 1735 1453 1826 Philippum
1477 1737 1640 1824 Decium,
1658 1737 1725 1828 qui*
1738 1738 1780 1806 ab
1795 1761 1836 1808 ea
1852 1736 1938 1805 alie-

604 1875 706 1934 natus
733 1855 845 1928 fuerat
868 1855 942 1932 tulii
966 1859 1013 1934 ll.
1038 1856 1208 1932 mutantia
1239 1909 1249 1940 ,
1276 1855 1402 1928 idcirco
1426 1860 1530 1950 quia,
1558 1859 1659 1928 edito
1678 1859 1809 1947 scripto
1843 1879 1941 1952 quo·

604 1975 683 2048 dant
707 2029 717 2064 ,
745 1979 888 2068 probate
910 1979 1159 2065 contenderat,
1198 1977 1271 2072 jure
1311 1965 1615 2076 coactum-*fuisse
1643 1977 1734 2070 ¹Pisis
1773 1977 1948 2050 adversus

605 2098 715 2186 ipsum
739 2095 913 2170 Gallorum
941 2122 1044 2191 opera
1068 2096 1282 2170 Concilium.
1299 2097 1412 2168 Movit
1434 2097 1500 2168 hoc
1524 2095 1608 2168 adeo
1633 2095 1796 2168 iracundi
1813 2097 1946 2166 Ponti-

602 2219 676 2290 fi'cis
702 2217 887 2301 atriorum,
911 2219 1151 2294 utnoninem
1169 2215 1366 2308 corripi,&
1393 2237 1520 2306 poenes
1544 2213 1681 2287 sceleris
1708 2215 1852 2306 pendete
1869 2217 1950 2311 jus*

606 2337 692 2412 serit
701 2383 715 2422 ,
732 2361 875 2429 quarum
891 2337 1168 2416 declinandarum
1183 2361 1307 2414 caussa
1323 2336 1448 2427 ipsein
1467 2333 1622 2406 Galliam·
1634 2333 1810 2428 confugit.
1826 2339 1944 2430 Quam

606 2479 711 2549 qoam·
731 2459 916 2538 abundaret
941 2459 1107 2554 audacia,
1130 2459 1224 2534 vinci
1249 2476 1364 2529 tamea
1388 2481 1433 2530 se·
1449 2475 1502 2532 est
1527 2479 1656 2548 passus·
1680 2482 1706 2528 a·
1731 2455 1948 2548 benignitate

574 2585 579 2592 '
600 2579 754 2666 Leonis,
767 2581 825 2652 cui
849 2581 949 2656 unice
972 2603 1010 2654 se
1033 2581 1160 2658 debere.
1179 2581 1276 2665 dixit,
1303 2580 1396 2672 quod
1423 2577 1466 2651 ad
1489 2575 1593 2650 Italos
1619 2599 1727 2664 suos,
1747 2578 1779 2642 dt
1797 2577 1840 2647 ad
1855 2577 1947 2646 Aca·

605 2695 751 2776 demiam
787 2701 940 2780 Pisanant
986 2725 1072 2778 curn¹
1102 2700 1339 2774 liberalissimo
1377 2697 1552 2789 stipendio
1589 2721 1727 2770 numum
1765 2717 1968 2784 aureorum·

604 2833 704 2895 nccc,
734 2821 899 2900 redierit.
924 2821 1034 2894 Multa
1058 2823 1104 2897 de,
1123 2822 1177 2892 his
1203 2821 1302 2896 rebus
1326 2821 1487 2892 omnibus
1510 2819 1545 2890 in
1569 2821 1594 2889 l.
1619 2815 1946 2890 Historiae-Acade·

547 2983 551 2990 ·
602 2940 689 3015 miae
713 2942 855 3020 Pisanae
880 2941 1055 3020 uolumine
1080 2943 1317 3029 narravimus,
1343 2945 1380 3013 dt
1403 2937 1515 3030 plures
1540 2957 1661 3010 extant
1685 2935 1937 3010 intaurentu-

603 3082 650 3138 ια
671 3061 880 3144 bibliotheca,
895 3089 998 3142 manu
1022 3065 1138 3154 scripti
1163 3062 1317 3150 codices,
1345 3060 1525 3152 itt-quibus
1549 3059 1750 3149 inscriptum
1777 3077 1831 3131 est
1856 3060 1951 3128 [eo--

603 3182 658 3260 tti's
683 3207 807 3258 nomen
831 3187 873 3263 ab
899 3185 939 3260 iis
963 3182 1195 3260 doctrinarum
1218 3183 1389 3276 magistris
1408 3229 1422 3268 ,
1438 3201 1442 3208 ·
1460 3180 1519 3273 qui
1542 3178 1625 3252 dum
1649 3175 1778 3273 allqttid
1803 3178 1947 3250 manda·

604 3301 688 3374 bant
711 3303 859 3392 litteris,
886 3305 1059 3402 ponebant
1084 3305 1119 3381 'to
1140 3305 1290 3382 maxima.
1306 3301 1408 3376 laude
1428 3331 1449 3392 ,·
1464 3305 1505 3375 si·
1521 3301 1565 3374 id²
1581 3321 1678 3376 tanto
1705 3319 1851 3396 patrono
1886 3298 1950 3371 di'·

606 3443 717 3516 gnum,
733 3444 908 3514 putaretur
928 3475 950 3500 .,
1302 3497 1306 3504 .

704 3543 768 3617 Sed
792 3545 1054 3624 tte-domestica
1072 3547 1596 3640 tautummodo-persequamur,
1610 3545 1689 3640 quis
1718 3543 1852 3637 negabit
1878 3560 1954 3614 tant.

605 3659 779 3748 liberali,
801 3667 1043 3764 tarnbenigno
1070 3665 1174 3740 foisse
1200 3667 1315 3740 animo
1339 3671 1486 3740 Leonem
1511 3667 1547 3738 in
1572 3683 1690 3758 omnes
1710 3687 1793 3751 eos,
1819 3663 1877 3756 qui
1894 3663 1948 3736 lia·

608 3783 689 3855 teris
714 3807 752 3858 se
775 3809 814 3858 se
830 3785 1022 3870 dederant..
1047 3807 1086 3862 ut
1111 3789 1316 3882 ubicumque
1340 3803 1511 3860 tertarum·
1537 3803 1687 3868 essent,
1718 3781 1958 3876 singularibus.

605 3900 791 3982 bonoribus
817 3905 991 3982 afficeret?
1016 3908 1096 3976 Non
1119 3908 1231 3979 solum
1257 3908 1439 3995 fortunae,
1465 3905 1650 3980 'sedetiam
1675 3903 1837 3997 dignitati
1863 3907 1953 3968 con·¹

607 4017 712 4091 soluit
738 4023 891 4104 Andreae
917 4025 1317 4122 AlciatbAtenionejus
1342 4026 1661 4111 civiledocentis,
1701 4045 1776 4095 cum
1810 4021 1848 4092 el
1873 4019 1962 4092 lara

607 4163 686 4230 Sum
711 4144 1030 4242 stipendiumdari,
1045 4148 1252 4240 jussisset,
1270 4155 1312 4220 bt
1343 4149 1507 4220 commem
1537 4145 1726 4217 Palatinum
1757 4157 1909 4216 creasset
1936 4187 1961 4208 .,

607 4262 683 4340 N0n.
704 4262 880 4362 ignorabat
909 4267 1225 4348 stimulantum
1255 4271 1391 4351 virum,
1413 4269 1472 4362 qui
1506 4267 1588 4358 juris
1614 4265 1828 4362 prudentiam
1854 4283 1964 4334 nova

607 4377 684 4460 luce
710 4383 839 4474 ,quod
865 4390 899 4456 bt
924 4383 1005 4456 iecit
1026 4437 1037 4468 ,
1061 4387 1459 4480 illustrare-potuisset.
1494 4387 1556 4458 Vel
1593 4411 1636 4458 ex
1668 4384 1843 4456 Lusitania
1884 4405 1953 4478 pet.

596 4495 787 4602 -Awffiium
807 4501 1774 4598 cardinalemttoumauusivturtotutcumzsummae.
1787 4503 1960 4600 jp'veuem
