4372 5842
610 661 704 732 16⁶⁹
983 660 1010 726 t
1058 658 1170 730 220
1215 659 1252 728 'N
1298 664 1312 730 l
1362 661 1383 730 S
1455 659 1495 728 Χ.

657 897 751 968 Unde
775 899 872 968 etiam
899 895 1108 992 Euphrates,
1135 899 1233 970 mom
1259 896 1325 970 lare
1345 871 1430 968 citio
1455 893 1554 978 Nili,
1672 975 1676 984 Ι

646 1020 695 1092 Et
717 1031 853 1089 'tontum
874 1019 1002 1088 Euxini
1026 1041 1144 1091 nomen
1168 1019 1274 1091 tremit
1299 1018 1389 1088 unda
1415 1015 1542 1106 refusi,

647 1145 758 1236 arque
779 1141 914 1238 Aegaea
935 1161 1021 1210 suos·
1038 1139 1190 1235 configit
1215 1140 1321 1213 Doris
1346 1139 1392 1214 aa
1413 1137 1578 1209 Isthmos.
1651 1215 1655 1226 ¹

1514 1294 1542 1349 N
1781 1335 1786 1347 .

585 1361 588 1368 ⁴
644 1361 721 1451 blo'n
747 1379 1251 1464 unus-modognracasto‘rius,
1268 1377 1325 1454 sed
1352 1393 1526 1468 'quotquot
1562 1375 1907 1470 extiterepqetae„

541 1487 723 1585 oratores,
747 1499 901 1570 historici
918 1500 1014 1569 ‚heere
1040 1498 1173 1570 laurlem
1200 1498 1389 1580 tribuerunt
1416 1498 1538 1581 Leoni,
1573 1496 1665 1588 quod
1704 1520 1761 1590 per
1800 1521 1904 1568 eum·
1974 1551 1980 1559 .

541 1627 811 1694 Musae'onrnes-
828 1613 1035 1710 postliminio
1061 1622 1096 1690 in
1121 1621 1250 1690 Latium
1275 1616 1459 1688 redierint.
1485 1619 1572 1699 Nam
1593 1617 1653 1708 qui
1679 1617 1789 1690 illius·
1819 1643 1881 1710 ae7

538 1759 612 1818 tate
635 1733 874 1813 Pontificatum
922 1742 1105 1812 Maximum
1139 1764 1272 1832 gessere
1306 1740 1525 1810 Innocentius
1566 1755 1647 1814 vm.
1686 1737 1906 1842 Alexander.

539 1879 596 1936 VJ·
620 1867 654 1936 δι
678 1862 784 1934 Julius
809 1879 846 1935 11.
870 1861 937 1931 hoc
963 1861 1105 1932 maxime
1143 1859 1253 1930 moliri
1289 1859 1516 1944 videbantur,
1554 1876 1592 1929 ut
1627 1857 1705 1928 illae
1724 1857 1874 1928 minime

540 1982 702 2076 antiquae
726 1979 900 2053 servitutis
916 2031 920 2040 1
937 1980 1087 2053 maculas
1128 1982 1379 2072 abstergerent,
1416 1978 1708 2070 inhonorataeque
1722 2030 1742 2067 ,Ι
1773 1979 1871 2070 quasi

538 2103 728 2173 contrariae
753 2102 894 2190 imperio·
914 2100 1354 2192 dignitatique.‚=jacererrt.
1371 2101 1511 2173 ,Cotrrra
1526 2121 1576 2170 'ea
1591 2103 1656 2171 Leo
1683 2123 1744 2188 pro
1768 2122 1872 2188 eupe-

537 2201 687 2290 nationi
710 2202 825 2310 populi
849 2219 1015 2303 Romani,
1038 2241 1100 2309 pro
1121 2219 1309 2312 sapientia,
1328 2245 1431 2312 quam
1455 2223 1615 2292 hauserat
1624 2222 1665 2308 'in
1684 2220 1786 2290 domo
1809 2243 1870 2306 pa-

446 2363 449 2370 ·
536 2355 660 2424 terrra,
685 2345 719 2411 δι
743 2361 805 2430 pro
828 2339 954 2431 gloriae
979 2340 1308 2432 immortalitatisque
1323 2341 1515 2428 ‚cupiditate
1537 2343 1640 2424 ineo
1671 2342 1732 2428 sibi
1756 2340 1868 2408 maxi-

535 2479 591 2528 me
614 2458 857 2532 claborandum
881 2459 1041 2548 putavit,
1063 2475 1102 2530 ut
1126 2458 1258 2532 litterae
1282 2465 1316 2534 δι
1337 2459 1539 2549 disciplinae
1564 2481 1681 2532 omnes
1701 2483 1772 2532 uon
1797 2481 1868 2530 mo·

530 2577 578 2648 do
603 2591 789 2670 propere,
814 2581 872 2651 sed
894 2578 996 2669 plane
1021 2587 1136 2651 secum
1160 2580 1372 2663 babitarent,
1396 2558 1535 2672 sperans
1576 2581 1775 2668 Caelestes,
1809 2582 1867 2674 qui

530 2699 611 2770 Urbi
635 2683 893 2790 praesidebant,
919 2699 981 2792 pro
1006 2724 1049 2773 eo
1071 2700 1221 2792 aibi,.ac
1245 2702 1462 2784 merebatur,
1487 2700 1653 2788 relaturos
1679 2725 1753 2772 esse
1776 2725 1894 2793 gra-.

526 2819 632 2892 tiam.
657 2825 806 2892 Tantum
832 2817 985 2910 protecto
1012 2822 1113 2892 unius
1139 2821 1282 2893 hominis
1307 2821 1508 2894 incredibilis
1532 2823 1717 2910 ac2divina
1752 2799 1897 2912 uirtus„

526 2939 611 3010 lucis
636 2943 753 3012 afferre
777 2942 996 3032 Reipublicae
1022 2944 1150 3033 potuit,
1177 2943 1359 3014 uti-conis
1384 2943 1557 3014 sacculum
1582 2919 1658 3014 cum
1678 2943 1718 3012 iis
1732 2942 1863 3033 glorio·

524 3057 670 3130 sissimis
695 3081 935 3151 corriperetur,
959 3061 1084 3154 quibus
1110 3060 1252 3138 Pericles
1268 3061 1493 3149 ,Alexander
1526 3069 1561 3136 δι
1590 3065 1774 3155 ,Augustus
1810 3081 1864 3133 tot

525 3179 635 3248 modis
661 3178 812 3265 litteras,
836 3183 1068 3274 ingenuasque
1095 3201 1207 3270 artes,
1232 3183 1414 3275 earumque
1440 3181 1587 3256 cultores
1610 3183 1770 3256 foverunt
1801 3200 1863 3252 at-

525 3324 592 3392 que
612 3302 857 3406 'honoraruntu
880 3309 995 3397 Neque
1019 3305 1047 3376 is
1072 3305 1185 3378 studia
1209 3329 1270 3377 sua
1300 3305 1391 3376 intra
1414 3305 1514 3378 unius
1540 3306 1639 3376 Urbis
1664 3305 1748 3374 fines
1773 3327 1862 3396 con·

526 3419 657 3491 tinuit.-
680 3447 796 3494 omnes
821 3424 937 3510 enim,
962 3425 1019 3516 qui
1051 3428 1123 3518 ejus
1163 3425 1385 3514 implorabant
1418 3425 1672 3516 patrocinium,
1698 3447 1759 3513 pro
1797 3448 1860 3495 sua

526 3553 622 3623 parte
647 3545 680 3609 bc
706 3541 910 3614 auctoritate
934 3546 1055 3616 mirum
1079 3547 1115 3618 in
1148 3545 1285 3622 modum
1320 3543 1406 3636 juvit
1445 3542 1558 3636 (85).
1583 3545 1693 3635 Quem
1727 3567 1745 3612 e
1785 3543 1856 3612 suis

524 3653 660 3726 civibus
685 3681 755 3728 non
779 3663 941 3747 ornavit,
967 3664 1002 3736 in
1028 3690 1096 3757 quo
1121 3682 1295 3755 praestans
1319 3681 1409 3732 esset
1449 3647 1654 3754 ingenium?
1693 3662 1860 3752 Audierat

522 3793 624 3862 saepe
647 3775 841 3849 Florentiae
866 3804 969 3870 prope
1009 3783 1192 3872 perfectum
1230 3801 1401 3853 oratorem
1445 3782 1662 3872 Marcellum.
1684 3780 1861 3872 Virgilium

522 3891 745 3966 Hadrianium
770 3896 812 3966 de
836 3897 1087 3974 humanioribus
1113 3901 1255 3989 litteris,
1280 3926 1364 3995 quas
1389 3901 1524 3990 publice
1557 3903 1724 3980 docebat,
1747 3901 1862 3970 disse-

520 4031 670 4100 rentem,
695 4034 838 4089 noverat
863 4023 897 4088 dt
924 4021 1163 4108 prudentiam,
1189 4047 1331 4113 cumque
1367 4025 1409 4094 ab
1446 4047 1488 4096 eo
1513 4045 1635 4098 munus
1671 4017 1860 4108 accepisset

520 4129 806 4222 interpretationis
832 4153 869 4208 v·
894 4139 1058 4218 librorum
1080 4144 1122 4216 de
1147 4161 1218 4214 arte
1243 4141 1377 4220 Medica
1402 4141 1633 4226 Dioscoridis,
1652 4164 1723 4212 uon
1748 4136 1860 4208 solum

519 4253 695 4340 praemio,
720 4255 811 4347 quod
834 4258 915 4330 dari·
933 4283 993 4349 par
1018 4281 1113 4340 erat,
1137 4263 1246 4350 ipsum
1270 4261 1436 4348 donauit,
1472 4265 1531 4336 sed
1564 4263 1673 4351 ⁴etiarn
1714 4261 1858 4326 Romam

520 4365 680 4465 invitavit
704 4395 744 4442 ea
767 4394 905 4458 mente,
930 4397 966 4448 ut
983 4380 1138 4467 ejusdem
1162 4403 1267 4472 opera
1289 4387 1323 4454 &
1348 4381 1490 4452 consilio
1512 4383 1547 4452 in
1576 4375 1851 4451 administrandis

518 4487 618 4565 rebus
642 4489 855 4580 Reipublicae
880 4493 1095 4574 Florentinae
1133 4519 1286 4594 uteretur
1301 4547 1310 4568 .
1328 4579 1333 4593 ,
1348 4501 1394 4592 At
1432 4521 1481 4594 nc·
1509 4499 1652 4590 patriam
1681 4495 1854 4568 desereret
