4386 5838
745 759 790 832 ,Υ
880 767 896 836 ῐ
994 764 1028 834 Τ
1122 761 1154 834 Α
1547 779 1611 850 103
1671 775 1672 780 ’

331 899 477 969 straret,
503 883 668 977 daretque
692 907 849 974 operam,
873 905 912 956 ut
938 885 1105 956 labentem
1131 905 1170 952 ac
1198 903 1302 970 prope
1322 880 1503 960 'cadentem
1529 903 1665 968 rempu-

329 1005 477 1091 blicam,
502 1003 691 1076 conciliatis
716 1005 921 1094 optimatum
946 1005 1084 1089 animis,
1109 1001 1263 1072 fulciret.
1298 1003 1389 1094 Quia
1422 1023 1505 1072 vero
1546 999 1664 1068 eodem

327 1105 481 1216 ¹ttrrnpore
506 1125 651 1196 maxima
673 1147 810 1216 qnoque
835 1124 983 1214 pericula
1008 1124 1049 1196 ab
1080 1125 1203 1194 Turcis
1233 1101 1422 1196 Dalmatiae
1449 1126 1481 1194 dr
1506 1121 1670 1191 Croariae

326 1246 616 1330 intendebantur,
646 1242 741 1318 nulla
766 1233 840 1316 non
863 1269 960 1334 prece
983 1242 1181 1314 sollicitavit
1215 1243 1392 1320 Gallorum
1431 1228 1580 1332 Regem,
1624 1257 1665 1309 ut

326 1365 446 1437 saltem
471 1363 663 1457 quindecim
689 1362 790 1434 millia
815 1387 991 1446 numorurn
1017 1387 1197 1455 aureorum
1223 1365 1264 1434 ad
1288 1387 1323 1436 se
1347 1361 1517 1446 mitteret,
1532 1348 1661 1451 'quibus

326 1485 467 1555 totidem
491 1508 528 1555 se
554 1484 745 1556 additurum
771 1484 957 1574 spopondit
983 1484 1024 1554 ad
1051 1485 1311 1554 communienda
1337 1481 1546 1574 municipia,
1571 1501 1660 1570 quae
1694 1481 1695 1486 ’

325 1608 418 1676 omni
449 1607 640 1678 necessaria
675 1629 711 1675 re
748 1605 790 1678 ad
814 1605 963 1690 bellum,
997 1611 1033 1679 ὃ(
1072 1609 1113 1680 ad
1146 1609 1253 1680 vitam
1286 1587 1543 1677 sustentandam
1567 1597 1663 1668 labo·

323 1728 474 1798 tabant.

423 1849 484 1920 Per
509 1847 596 1920 idem
621 1847 726 1920 ferme
747 1864 883 1952 tempus
908 1815 1114 1919 Bernardum
1151 1845 1328 1917 Dovitium
1366 1843 1578 1917 cardinalem
1615 1843 1658 1918 ad

320 1968 590 2040 Maximilianum
614 1973 793 2040 Caesarem
813 1967 960 2060 legatum
987 1970 1075 2038 misit
1110 1969 1150 2038 ad
1175 1991 1238 2038 sua
1263 1972 1303 2033 dc
1339 1966 1536 2056 reipublicae
1561 1962 1658 2034 Chri·

320 2091 453 2160 arianae
478 2091 616 2181 negotia
641 2089 875 2176 procuranda.
901 2090 969 2156 Pax
993 2088 1147 2160 eniman.
1162 2107 1304 2162 uova.
1332 2088 1418 2164 fidia
1436 2086 1546 2156 suerat
1567 2083 1655 2152 inter

319 2210 451 2282 Galliae
464 2209 693 2299 &Hispaniae
719 2211 847 2300 Reges,
864 2231 972 2298 neque
988 2209 1094 2278 multo
1112 2226 1207 2298 post,
1232 2209 1415 2298 eodemque
1427 2230 1517 2276 anno
1529 2203 1653 2273 studiis

264 2361 270 2370 ·
317 2331 489 2400 Pontificis
513 2331 547 2400 in
573 2331 789 2401 concordiam
812 2353 950 2421 qnoque
971 2329 1144 2400 redierunt
1159 2333 1307 2410 Caesar,
1330 2327 1458 2402 Galliae
1477 2331 1547 2396 Rex
1564 2327 1656 2413 ipse,
1693 2397 1698 2406 ,
1789 2375 1795 2386 .

317 2472 421 2544 atque
446 2455 653 2522 Venetorum
678 2450 910 2538 Respublica.
935 2439 1024 2520 Turn
1052 2451 1216 2540 respirare
1239 2473 1339 2540 posse
1366 2449 1440 2518 visa
1466 2469 1518 2519 est
1557 2447 1653 2518 ltalia

316 2597 336 2644 a
361 2591 453 2642 metu
487 2570 587 2658 belli,
612 2594 682 2662 quo
708 2591 761 2642 tot
786 2573 882 2642 anuis
904 2589 1029 2642 venata
1054 2570 1147 2654 snit,
1172 2590 1210 2641 ut
1235 2594 1311 2660 pars
1337 2570 1426 2640 illius
1448 2546 1579 2638 'nullas
1600 2591 1654 2637 ca·

312 2692 464 2765 lamitate
489 2690 591 2768 suerit
615 2689 811 2762 incolumis.
836 2691 901 2762 Sed
926 2689 992 2760 fuit
1016 2692 1084 2762 hoc
1109 2689 1216 2764 fatum
1252 2692 1365 2779 illius,
1401 2712 1439 2762 ut
1478 2693 1649 2780 perpetuis

312 2813 477 2886 fludibus
503 2813 709 2903 jadaretur,
733 2811 896 2880 cui-sane
921 2808 1010 2902 malo
1034 2831 1104 2880 non
1129 2811 1230 2880 modo
1253 2835 1430 2893 caussam,
1457 2813 1515 2881 sed
1550 2813 1649 2882 etiam

312 2930 549 3004 necessitatem
573 2930 823 3023 quodammodo
847 2929 1037 3005 attulerunt
1060 2931 1195 3002 diversa
1210 2933 1345 3014 studia,
1372 2931 1553 3022 variaeque
1579 2927 1650 3002 vo'-

309 3050 461 3125 lurrtates
485 3077 622 3134 eorum,
647 3051 707 3143 qui
729 3053 764 3121 in
782 3049 840 3122 illa
866 3051 1099 3140 imperabant.
1123 3053 1228 3121 Porro
1252 3075 1368 3142 pacem
1391 3051 1480 3121 illam
1506 3052 1647 3124 moleste
1711 3123 1715 3130 ,

309 3174 461 3246 tulerunt
487 3172 626 3263 Hispani
651 3169 799 3254 milites,
826 3171 886 3264 qui
911 3171 1082 3260 stipendia
1106 3191 1304 3242 meruerunt
1329 3193 1402 3242 tum
1426 3161 1559 3244 Galliae
1581 3174 1647 3240 Re-

306 3293 380 3388 gis,
406 3313 478 3364 tum
504 3295 712 3363 Venetorum
728 3291 769 3362 ad
784 3288 990 3362 liberandam
1014 3295 1183 3364 Veronam
1209 3288 1493 3367 caesarianorum
1519 3294 1643 3364 armis:

306 3431 386 3486 nam
412 3413 609 3486 facultatem
634 3411 699 3482 sibi
723 3431 872 3500 ereptam
897 3411 1059 3484 videbant
1085 3414 1266 3503 praedandi
1289 3413 1502 3506 licenterque
1526 3416 1644 3489 viven-

304 3536 363 3609 di.
388 3539 465 3606 Nou
495 3533 606 3606 deluit
631 3533 804 3605 occasioni
830 3531 882 3602 sui
905 3535 1032 3623 negotii
1058 3535 1198 3629 gerendi
1214 3538 1239 3604 F
1241 3535 1419 3606 ranciscus
1436 3536 1543 3604 Maria
1563 3533 1645 3606 Fel-

304 3657 417 3739 triu's,
440 3679 517 3725 curn
543 3653 686 3724 militiae
705 3672 919 3725 sacramento
936 3653 1177 3726 obstrinxisset
1203 3654 1355 3745 quinque
1380 3653 1487 3724 millia
1506 3653 1641 3732 illorum

303 3774 475 3856 militum,
497 3776 617 3867 quibus
642 3774 826 3862 imperabat
851 3773 1069 3844 Maldonattrs
1095 3777 1149 3850 nir
1183 3775 1344 3868 impiger,
1379 3783 1412 3848 dc
1441 3778 1474 3848 in
1511 3776 1643 3846 bellicis

249 3939 251 3943 -
301 3897 401 3965 rebus
426 3891 749 3966 exercitatissimus.
770 3896 843 3964 Hos
868 3913 1008 3969 secutae
1029 3913 1111 3966 sunt
1138 3895 1211 3968 alae
1236 3898 1387 3990 equitum
1421 3921 1465 3966 ex
1489 3895 1639 3996 diuersis

298 4015 499 4086 nationibus
527 4015 713 4102 colledlae,
740 4037 960 4108 praeeratque
984 4009 1093 4106 Belgis
1126 4019 1300 4088 Zucharus
1326 4018 1489 4095 Hedum,
1528 4018 1638 4088 Grae·

299 4135 349 4204 ais
376 4127 410 4207 s'r
435 4137 584 4224 Epirotis
612 4139 761 4208 Andreas
785 4139 856 4209 Bua
880 4143 911 4204 ἃ
934 4139 1182 4212 Constantinus
1207 4137 1371 4208 Boccalus
1391 4137 1528 4208 minime
1553 4161 1638 4208 saue

298 4256 536 4326 conternnendi
562 4256 666 4325 duces
682 4277 819 4351 perant
838 4263 869 4324 dc
893 4258 997 4342 Itali,
1022 4261 1110 4330 iuter
1136 4281 1223 4350 quos
1249 4259 1416 4332 eminebat
1443 4256 1637 4333 Fridericus

198 4439 202 4446 .
296 4376 459 4467 Gonzaga
483 4375 616 4446 Bozzoli
642 4377 823 4459 dominns,
848 4397 948 4470 quem
982 4371 1170 4452 incredibili
1186 4381 1316 4454 virtute
1340 4403 1442 4472 atque
1465 4381 1635 4454 exercita·

295 4493 387 4565 tione
415 4497 450 4566 in
477 4500 574 4566 arnus
601 4519 674 4567 esse
694 4519 811 4568 omnes
836 4501 1093 4587 praedicabant,
1119 4505 1244 4594 quique
1270 4503 1372 4596 hujus
1412 4501 1629 4597 conjuram-

293 4613 350 4684 nis
371 4617 516 4688 marma
534 4614 650 4690 aanor
676 4615 957 4694 amaseorum.
979 4623 1084 4696 Erant
1108 4623 1157 4698 illi
1179 4629 1322 4710 carneae
1343 4628 1414 4702 odii
1427 4615 1629 4718 m'rauran,
1684 4665 1687 4672 ⁴
