4372 5842
661 649 729 724 18⁶
1059 641 1634 725 tenuistis

605 768 997 858 videbatursrrperanu
1023 764 1100 839 illos
1126 771 1295 854 varietate
1320 769 1493 844 taurinae
1519 771 1743 861 Hieronymus
1766 767 1939 854 Alea'nder

514 901 518 908 '
603 887 774 974 (Graece
798 890 911 975 enim,
935 889 1126 977 Hebraice,
1150 893 1332 964 Chaldaice
1358 891 1549 965 luculenter
1571 893 1719 980 sciebat,
1745 919 1809 966 nec
1826 894 1937 968 solum

605 1010 780 1100 theologia
804 1015 838 1080 u
863 1008 1109 1100 philosophia,
1132 1012 1195 1086 sed
1216 1019 1249 1086 δι
1272 1015 1367 1085 omni
1392 1009 1465 1086 lete
1488 1035 1562 1088 arte
1585 1036 1687 1108 atque
1718 1013 1939 1088 dudlrina'li·
2017 1039 2022 1048 ·

605 1133 708 1202 berall
734 1133 911 1221 praeditus
931 1150 1006 1203 'etat
1029 1138 1049 1226 )
1072 1138 1129 1226 qui
1156 1159 1232 1208 curn
1252 1131 1298 1206 eri
1320 1121 1459 1221 Gallia,
1482 1136 1541 1206 ubi
1560 1135 1781 1208 humaniores
1802 1135 1936 1210 litterae

584 1281 731 1344 ‚stimma
755 1279 833 1327 cum
855 1251 956 1327 laude
977 1255 1159 1341 docuit,in
1174 1249 1287 1328 sinum
1304 1253 1519 1348 confugisset
1543 1257 1744 1329 Leodiensis-
1758 1257 1937 1349 Episcopi,

601 1379 642 1450 ab
667 1379 732 1447 hoc
755 1378 947 1462 hominem,
963 1399 1064 1468 quem
1087 1375 1156 1446 sibi
1178 1378 1318 1468 suisque
1340 1377 1557 1451 utilissimum
1593 1379 1669 1450 fore
1686 1429 1689 1437 .
1704 1396 1932 1468 speraverat,

600 1501 669 1566 Leo
689 1496 837 1569 obtinuit
860 1545 868 1563 .
893 1501 935 1566 Et
958 1521 1038 1568 eum
1062 1501 1194 1591 quidem
1218 1499 1318 1590 jussit
1340 1519 1414 1568 esse
1440 1497 1485 1570 tls
1506 1499 1661 1589 epistolis
1693 1501 1784 1574 lulio
1820 1501 1938 1572 Medi-

604 1636 666 1686 ceo
687 1616 854 1690 Cardinali
876 1641 945 1687 une
967 1641 1046 1690 curn
1064 1621 1220 1690 Antonio
1248 1621 1450 1703 Amiterno,
1474 1617 1510 1692 st
1535 1621 1721 1698 vaticanae
1743 1621 1932 1694 bibliothe-

597 1757 662 1808 cae
681 1717 863 1825 praefecit,
880 1761 990 1829 neque
1017 1739 1123 1810 multo
1149 1759 1230 1828 post
1254 1740 1292 1808 in
1305 1740 1526 1812 Germaniam
1548 1745 1711 1834 Legatum
1734 1743 1848 1827 misit,
1864 1732 1939 1836 ejus

598 1860 693 1941 fidei,
718 1859 863 1948 pietati,
888 1859 1085 1948 prudentiae
1112 1878 1213 1952 atque
1236 1861 1412 1932 doilrinae
1436 1862 1599 1955 singulari
1623 1855 1935 1953 maxime'religio-

600 1980 651 2050 nis
676 2003 831 2049 caussam
851 1983 1114 2052 commendans.
1139 1984 1172 2052 Si
1198 1983 1294 2052 audis
1322 1985 1525 2067 Erasmum,
1550 1985 1645 2078 cujus
1669 1981 1802 2073 insigne
1823 1983 1942 2052 odium·

556 2083 561 2094 ’
598 2101 664 2174 fuit
690 2100 724 2168 in
750 2097 954 2171 Alcandtum
977 2147 987 2180 ,
1011 2100 1094 2170 nihil
1119 2102 1154 2170 in
1178 2102 1244 2171 hoc
1269 2103 1425 2191 apparuit
1451 2103 1516 2172 nisi
1542 2125 1719 2193 asperum,
1743 2105 1869 2174 durum
1893 2123 1936 2169 ac

568 2219 574 2234 ⁸
597 2222 780 2292 vehemens
801 2223 837 2292 in
860 2223 1091 2314 oppugnando
1114 2224 1291 2306 Luthero;
1323 2239 1443 2292 contra
1469 2219 1523 2291 alii
1555 2219 1736 2309 plurimum
1754 2221 1842 2294 illius
1859 2239 1932 2291 stu·

598 2341 694 2412 dicun
718 2366 801 2433 erga.
821 2344 1012 2412 Romanam
1033 2343 1217 2414 Ecclesiam
1242 2342 1454 2428 laudarunt,
1484 2344 1789 2436 dignissimumque
1825 2359 1928 2430 puta-

597 2479 681 2530 runt
705 2461 919 2552 amplissimis
944 2455 1133 2534 honoribus
1165 2514 1175 2547 ,
1200 2489 1287 2554 quos
1313 2483 1431 2554 postea
1457 2484 1665 2538 consecutus
1680 2483 1734 2536 est
1751 2461 1941 2554 ‚Aeqtaior-

601 2581 666 2654 fuit
691 2585 851 2654 Erasmus
876 2584 912 2654 in
946 2585 1163 2654 laurentium
1203 2581 1447 2676 Campeggium
1484 2641 1494 2672 ,
1529 2590 1588 2678 qui
1625 2586 1797 2676 dignitate·
1824 2582 1903 2653 illos
1922 2629 1943 2664 a

595 2727 682 2800 quos
708 2726 883 2792 postremo
901 2707 982 2778 loco
1001 2707 1210 2792 nominavi,
1238 2702 1443 2799 aequavit(
1474 2728 1551 2777 nam
1576 2759 1586 2792 ,
1611 2723 1654 2776 ut
1680 2704 1758 2776 althi
1783 2723 1937 2772 comm·

591 2825 801 2898 mutavimus
825 2849 849 2898 a.
870 2827 980 2898 Leone
1005 2845 1140 2899 creatus
1167 2826 1356 2899 Cardinalis
1382 2825 1448 2896 suit
1475 2825 1660 2918 >quique
1689 2824 1727 2894 iu
1763 2823 1938 2896 Britannia
2017 2851 2019 2858 ·

594 2949 628 3016 dt
653 2933 838 3018 Germania
862 2946 978 3036 plures.
997 2947 1106 3016 obivit
1132 2947 1355 3038 legationes,
1382 2947 1418 3016 in
1443 2947 1567 3038 quihus
1592 2948 1641 3018 ita
1664 2969 1699 3016 se
1725 2944 1851 3036 gessit,
1869 2963 1938 3027 ut,

594 3085 682 3139 teste
706 3067 890 3152 Sadoleto,
911 3091 1079 3160 ea,quae
1107 3069 1308 3160 grauissime
1323 3067 1547 3149 laborabant,
1572 3067 1708 3159 jamque
1722 3085 1841 3136 curam
1856 3087 1939 3134 om-

595 3211 672 3258 nem
696 3211 857 3278 respuere
876 3190 1078 3260 videbantur
1099 3191 1165 3272 ,in
1186 3187 1450 3260 commodiorem
1471 3203 1585 3256 tamen
1607 3203 1743 3258 statum
1764 3207 1828 3273 per·
1842 3181 1936 3254 illum

591 3306 738 3379 deduila
761 3309 888 3380 fuerint
907 3313 1070 3381 ...Omnia
1093 3363 1102 3395 ‚
1128 3334 1215 3403 quae
1237 3299 1438 3379 dementato
1465 3307 1618 3379 neonus
1653 3307 1807 3376 ioruifici
1848 3303 1927 3395 eligi

592 3429 838 3522 praepararive
857 3447 1049 3520 poterant,
1075 3432 1226 3519 providit
1248 3481 1259 3516 ,
1286 3433 1320 3500 ἃ
1340 3430 1459 3500 omnic
1481 3481 1491 3514 ,
1515 3449 1611 3521 quae
1625 3423 1791 3510 defendi,
1810 3425 1931 3514 repeti·

593 3569 661 3638 que
686 3548 858 3620 &ulcisci
882 3551 939 3620 fas
959 3547 1102 3634 fuisset,
1127 3572 1204 3621 euro
1231 3539 1266 3621 iti
1293 3549 1480 3639 conspeetu·
1501 3552 1641 3621 haberet
1668 3547 1751 3618 lana·
1774 3543 1842 3617 Dei
1864 3547 1928 3616 irn-

593 3670 753 3747 mortalis
772 3673 922 3762 spoliata
947 3677 1148 3761 ,santriort
1170 3673 1331 3744 instituta
1351 3671 1507 3754 violata..
1534 3676 1571 3762 dt
1592 3669 1707 3740 solum
1727 3664 1930 3739 Germaniae

523 3784 527 3792 ’
590 3787 744 3889 deforme
766 3793 945 3865 haereseos
969 3797 1071 3868 malis.
1091 3851 1106 3882 ,.
1125 3794 1302 3886 sapienter
1322 3795 1497 3868 consuluit
1522 3843 1531 3863 .
1555 3795 1646 3863 Satis
1672 3787 1832 3880 molesto
1863 3792 1926 3888 nti·

590 3911 657 3981 rari
682 3935 819 4005 nequeo
839 3915 877 3985 in·
898 3917 950 3987 his
976 3897 1132 4006 negotiis.
1152 3916 1427 3988 athnirristrandls
1454 3917 1564 4005 ipsum
1590 3915 1735 3984 minime·
1754 3911 1926 3983 adhibuit»

591 4053 628 4102 se
651 4057 788 4123 operam
812 4035 974 4128 Gregorii]
991 4039 1173 4122 Cortesii,
1199 4061 1300 4130 quem
1325 4037 1513 4109 Cardinalrs
1527 4023 1631 4126 'aptrd
1660 4061 1700 4109 se
1723 4019 1841 4106 habuit
1866 4057 1932 4103 us·

589 4177 660 4246 ·que
687 4178 744 4238 eo,
759 4156 840 4227 dum
862 4157 927 4238 ille·
945 4131 1198 4229 cassinensium
1223 4141 1470 4232 Menaenorum
1497 4158 1644 4232 familiae
1670 4171 1795 4228 nomen
1816 4140 1927 4240 dedit,

595 4273 651 4342 tel
673 4271 875 4347 valetudinis
901 4280 1009 4369 gratia
1032 4281 1074 4350 ad
1100 4279 1311 4355 Mutinenses
1336 4303 1416 4353 suos
1443 4280 1565 4354 rediit.
1580 4280 1694 4372 Huius·
1714 4278 1935 4369 quidemeu·

597 4411 673 4464 tant
697 4395 829 4470 litterae
855 4445 867 4478 ,
900 4401 1019 4492 quihus
1044 4401 1091 4470 de.
1112 4425 1243 4474 summo
1264 4403 1467 4475 Pontificem
1492 4401 1684 4494 gratulatur
1710 4400 1840 4482 Leoni',
1863 4423 1935 4468 om·

593 4510 765 4607 nilusque·
793 4536 938 4588 testatur
965 4568 975 4601 ,
1005 4519 1094 4590 nihil·
1125 4545 1162 4594 se
1191 4527 1225 4595 in
1251 4526 1325 4616 ejus
1348 4523 1450 4595 domo
1477 4523 1604 4596 vidisse
1638 4521 1703 4592 nisi
1737 4519 1931 4610 puditum,
