4392 5838
576 689 647 764 '286
1742 753 1750 766 .

610 818 670 874 est,
692 815 830 872 renuens,
851 813 884 862 ut
905 795 1087 873 somnianti
1108 798 1317 863 confessionem
1339 811 1520 884 peecatorum
1553 797 1668 873 laceres
1695 801 1857 885 dixisseque

610 905 715 976 illum,
735 907 757 964 si
779 925 880 988 eorpus
901 906 1064 977 amitteret,
1087 905 1213 966 animam
1243 925 1358 988 quoque
1388 925 1418 964 se
1444 925 1504 966 non
1529 926 1645 966 curare.
1677 909 1713 966 In
1744 909 1856 989 Campo

612 1013 717 1070 Sancto
740 1027 828 1070 noctu
849 1025 892 1068 est
913 1007 1069 1072 humatus.
1088 1008 1146 1069 Hic
1167 1007 1246 1069 enim
1268 1005 1371 1068 infelix
1398 1009 1507 1084 juvenis
1532 1005 1612 1068 fatali
1641 1009 1737 1090 aliquo
1764 1009 1856 1069 sidere

612 1113 763 1196 angigula,
787 1119 814 1172 dt
836 1111 912 1172 eollo
932 1110 1053 1171 debebat
1073 1111 1226 1194 extingui:
1247 1110 1320 1172 olim
1341 1129 1466 1193 namque
1487 1133 1503 1174 s
1525 1111 1683 1196 Butghesio
1703 1110 1789 1174 fratre
1810 1133 1861 1176 no

612 1217 713 1277 nacula
733 1235 806 1299 pene
825 1212 971 1298 jugulatus
993 1208 1068 1273 fuit.
1648 1268 1651 1273 ,

535 1322 599 1404 (5¹)
628 1323 722 1384 Multi
742 1321 852 1399 quidem
874 1329 1011 1377 testentur
1028 1335 1162 1377 summurn
1183 1319 1300 1397 gradum
1323 1313 1357 1382 ὰ
1390 1321 1536 1398 dignitatis
1556 1311 1591 1382 ὸ
1611 1322 1722 1399 gratiae
1743 1322 1862 1382 tenuisse

616 1426 783 1488 cardinales
805 1425 854 1482 sub
875 1421 988 1484 leone..
1010 1419 1157 1490 Dicendi,
1180 1423 1271 1498 inquit
1302 1423 1471 1486 Matthaeus
1497 1421 1706 1492 Herculaniut,
1726 1421 1865 1484 suadendi

613 1547 645 1589 ac
667 1525 868 1610 improbandi,
889 1524 968 1607 quod
988 1522 1109 1605 quisque
1129 1523 1218 1594 velit,
1241 1540 1291 1586 aut
1310 1527 1416 1596 sentit,
1435 1527 1597 1586 communit
1617 1524 1753 1586 omuibus
1782 1525 1865 1585 liber·

614 1647 676 1702 ess,
698 1629 777 1712 prius
798 1649 885 1711 quom
906 1626 1064 1710 quidquam
1086 1625 1274 1688 decernatur.
1295 1627 1450 1710 Sigillatim
1471 1630 1649 1711 interroget,
1670 1627 1798 1690 dieentes
1817 1647 1864 1688 au·

617 1731 681 1802 dit,
703 1730 891 1792 dissentiendi
911 1728 1098 1808 veniendique
1118 1728 1288 1789 sententiam
1310 1729 1422 1810 copiam
1445 1727 1531 1800 fucit,
1562 1751 1597 1791 eo
1623 1746 1746 1792 staturus
1773 1725 1865 1790 consi·

615 1833 674 1902 lio.
694 1833 771 1914 quod
793 1853 857 1914 pert
880 1837 971 1912 major
993 1832 1150 1914 meliorque
1172 1831 1331 1891 censuerit.
1353 1832 1377 1891 E
1398 1831 1515 1913 quando
1534 1834 1565 1892 in
1587 1837 1691 1894 Senatu
1720 1849 1766 1892 tot
1787 1831 1869 1894 annis

615 1935 749 1996 censendi
771 1933 913 1996 libertas?
934 1937 1064 1996 Tantum
1086 1935 1165 1994 abest
1186 1953 1218 1996 ut
1241 1935 1303 1994 solu
1323 1934 1480 2016 quidquam
1503 1935 1588 1996 unius
1607 1935 1744 1998 arbitratu
1764 1931 1870 1994 consti·

534 2029 537 2034 ’
615 2053 731 2105 tuetur,
753 2054 786 2100 ut
807 2037 932 2120 plurima
953 2037 989 2099 sd
1010 2058 1039 2098 se
1061 2039 1218 2119 spectantia
1240 2037 1438 2098 Cardinslium
1459 2038 1597 2098 consultis
1627 2035 1810 2098 deliberande
1831 2054 1873 2094 te·

617 2138 736 2202 mittat.
756 2141 903 2202 Familiari
925 2140 1134 2202 consuetudine
1155 2141 1297 2200 crescebat
1318 2139 1444 2222 dignitas
1474 2139 1695 2203 cardinalibus.
1722 2137 1874 2200 Parimen·

618 2262 667 2318 ta,
689 2249 787 2318 aulae,
806 2249 944 2318 thalami.
966 2270 1112 2318 cumenae,
1134 2247 1286 2311 Pontificio
1307 2249 1413 2313 domus
1442 2250 1540 2311 omnis
1566 2264 1626 2309 tots
1654 2247 1701 2308 die
1734 2244 1871 2308 Caudina-

620 2349 697 2411 lium
718 2351 934 2414 salutationibus
955 2369 1128 2436 patescunt„
1149 2353 1272 2435 benigne
1292 2353 1472 2423 invitantur,
1494 2353 1597 2435 parntis
1618 2352 1797 2434 accipiuntur
1807 2369 1874 2431 epu·

621 2451 660 2513 lis
679 2451 716 2512 ad
736 2453 880 2516 laetitiam
901 2457 1140 2538 uniuscujusque,
1169 2475 1230 2517 nou
1259 2456 1296 2516 ad
1330 2474 1429 2516 necem
1451 2456 1617 2526 instructis,
1639 2472 1672 2515 ut
1692 2455 1789 2524 olim,
1810 2471 1876 2514 eum

622 2572 696 2636 quos
717 2554 829 2618 divitiis
851 2559 963 2622 smieos
991 2579 1058 2630 suos
1080 2555 1216 2622 Pontifex
1248 2557 1407 2641 saginatas,
1437 2557 1574 2618 immixto
1600 2558 1688 2626 cibis,
1716 2575 1765 2617 aut
1795 2555 1878 2639 potui

620 2675 759 2730 ⁴veneno,
782 2660 884 2722 tollere
906 2661 1067 2745 cogitaret.
1088 2663 1171 2722 Heec
1186 2662 1304 2747 flagitia
1326 2665 1420 2724 Romu
1441 2665 1514 2726 vidit
1533 2663 1584 2722 sul
1604 2659 1771 2722 Alexandro
1800 2659 1876 2731 Vt..

497 2777 504 2786 ·
620 2759 704 2838 ldie
726 2778 819 2826 nutent
840 2764 884 2824 11.
906 2763 1105 2846 Pontificatum
1126 2767 1292 2854 Maximum
1322 2779 1455 2844 gerente,
1483 2767 1533 2842 qui
1563 2767 1658 2825 omniu
1695 2777 1764 2823 nutu
1793 2775 1877 2840 etque

625 2865 745 2926 arbitrio
765 2887 816 2928 suo
835 2865 984 2946 gubernuri
1001 2870 1133 2940 solebat.
1153 2871 1269 2931 minime
1284 2867 1336 2945 fus
1357 2882 1419 2928 erat
1440 2865 1638 2931 cardinalibus
1659 2865 1749 2926 libere
1769 2868 1874 2928 tretis.

623 2985 659 3031 tte
678 2973 845 3032 sententium
865 2991 945 3034 suurn
963 2991 1118 3050 proponere
1136 2987 1220 3050 uque
1241 2971 1412 3050 defendere.

537 3068 610 3153 (pa)
634 3072 729 3136 Titius
750 3077 800 3153 qui
821 3075 880 3136 suis
900 3077 932 3138 is
957 3076 1085 3138 historiis
1106 3073 1269 3138 Senensiunt
1292 3095 1382 3136 renen
1400 3073 1555 3153 plurirttttnt
1575 3093 1642 3137 sane
1657 3073 1780 3137 detrahit
1808 3073 1880 3135 let-¹

625 3175 672 3237 nis
686 3175 805 3253 samue.
826 3179 872 3239 uit
886 3199 974 3256 penes
996 3179 1234 3242 Pitsulontineunt
1262 3181 1392 3242 extitisse
1411 3179 1519 3260 p'otulie
1550 3179 1640 3239 multo
1661 3179 1881 3255 Medieeorunr,

629 3297 703 3358 quse
723 3279 784 3342 deo
804 3279 866 3359 ipse
883 3282 997 3360 pignori
1018 3285 1149 3354 dederat,
1167 3297 1316 3362 postquam
1334 3285 1433 3360 patris
1455 3283 1587 3360 expulsus
1612 3281 1729 3360 fueret,
1753 3282 1881 3346 millibus
1905 3359 1908 3365 Ι

628 3371 1016 3454 numerumnunerum&
1042 3384 1111 3448 haee
1127 3406 1180 3465 pro
1205 3388 1336 3464 praemio
1367 3389 1537 3466 inpetrasse
1566 3405 1706 3464 purpurae
1738 3387 1881 3448 restituere

624 3491 750 3551 'noudum
765 3487 877 3566 fuisse·
898 3487 992 3566 Iputnt
1012 3485 1174 3552 ttsrortssn
1195 3494 1221 3554 ti
1241 3494 1344 3563 audis,
1361 3512 1455 3554 ornnes
1471 3493 1535 3570 sere
1554 3493 1604 3560 ii,
1624 3493 1674 3568 psi
1703 3491 1755 3552 hoc
1774 3491 1878 3552 honore

628 3591 751 3652 &curati
768 3590 908 3668 fuemnt,
932 3611 1064 3671 stagnant
1084 3595 1149 3656 auri
1170 3593 1227 3660 uim
1247 3595 1453 3662 exsoluerunt,
1473 3595 1554 3672 qussi
1575 3595 1634 3654 Leo
1652 3595 1749 3674 omniu
1769 3593 1884 3658 renuis

631 3687 767 3756 lsuheret.
794 3693 862 3754 Non
890 3693 1039 3756 ulsiniliu
1063 3712 1162 3759 narrat
1190 3699 1309 3762 dueohus
1337 3698 1485 3778 Ziegltrtu
1511 3696 1544 3760 io
1572 3695 1704 3760 historia.
1722 3694 1884 3760 Clementia

628 3792 662 3864 ,Ὗ
664 3791 723 3862 11·s
743 3794 775 3855 ⁸¹¹¹
798 3814 853 3868 Μ
873 3795 964 3856 tttultu
983 3773 1100 3884 collegit
1119 3803 1260 3884 t'np'ttriotu
1280 3823 1348 3866 sune
1368 3819 1426 3865 tunt
1447 3803 1511 3865 huie
1533 3801 1690 3882 Pontifici,
1722 3814 1781 3861 tunt
1813 3799 1885 3858 dee·

554 3961 557 3971 ,
636 3895 695 3965 tls
716 3914 798 3974 quent
818 3906 985 3974 praesertin
1007 3907 1144 3984 spectasse
1163 3905 1286 3988 affirmat
1306 3911 1336 3970 in
1356 3921 1399 3970 tot
1423 3909 1549 3970 ersendis
1571 3905 1792 3974 cardinalibus,
1813 3923 1883 3982 quos

637 3997 775 4076 familiae
794 4019 864 4062 suut
882 4003 1087 4068 addictissimus
1104 4011 1169 4086 sore
1200 4028 1385 4090 sperauerat.
1405 4017 1533 4076 utrium
1554 4025 1686 4074 sterneret
1705 4009 1830 4087 patrueli
1850 4009 1889 4069 ad

633 4099 837 4182 Pontificatum
859 4106 1049 4170 ntsstnsn.
1069 4110 1163 4172 Extat
1183 4115 1310 4194 Zieglers'
1326 4117 1485 4196 opusculum
1502 4119 1533 4178 in
1550 4116 1614 4176 Vol.
1631 4115 1674 4174 11.
1689 4116 1795 4194 operis,
1813 4115 1887 4190 quud

637 4203 889 4271 inscribiturs'le.
909 4211 1032 4296 Georgii
1052 4211 1231 4278 schelhornii
1263 4219 1451 4291 amoenitates
1471 4218 1607 4280 historiae
1628 4215 1841 4279 Ecclesiastieae
1861 4220 1891 4276 dt

643 4306 816 4372 litterariae.
837 4309 1022 4394 Adfirmat&
1044 4317 1104 4396 ipse
1123 4339 1158 4380 eo
1178 4322 1246 4391 die.
1263 4342 1319 4400 pso
1338 4325 1378 4382 ud
1397 4341 1509 4384 mesen
1529 4325 1621 4384 sumti
1635 4322 1752 4398 suensnt
1772 4332 1896 4380 recenter

639 4415 730 4478 treuti
748 4415 931 4487 Cardinules.
953 4419 1043 4480 subito
1063 4435 1172 4483 tantane
1186 4445 1218 4483 ae
1230 4439 1287 4487 tum
1310 4427 1448 4488 turbidum
1469 4440 1658 4504 tempestatem
1679 4440 1799 4488 soonam
1817 4423 1894 4500 suis·

644 4535 675 4576 se
692 4557 700 4586 ‚
720 4530 751 4576 ut
770 4535 860 4582 exeo
882 4538 938 4580 rent
959 4523 1119 4585 Romanurn
1139 4528 1281 4604 pstttssn
1302 4532 1489 4592 miserrimum
1501 4531 1566 4607 sure
1586 4529 1667 4590 nutri
1682 4529 1813 4609 augurali
1824 4524 1889 4603 flu·

635 4618 716 4694 rint,
739 4637 787 4692 net
818 4623 879 4686 sine
898 4637 973 4688 metu
993 4627 1122 4702 nnetesrs's
1143 4631 1205 4694 itae
1219 4633 1312 4712 fuisse
1332 4634 1441 4698 lulium
1467 4633 1663 4702 Curlinsless.
