4472 5828
611 635 652 693 at
971 611 1020 682 L
1068 617 1095 684 E
1143 617 1175 684 O
1225 623 1253 690 Ν
1302 626 1316 691 1
1365 624 1386 692 S
1459 620 1500 688 x.

561 751 650 800 vana
674 729 840 819 promissa
866 753 905 831 ιι
928 753 1083 803 secutum
1111 735 1263 814 cerneret
1289 765 1359 810 uon
1381 743 1605 833 Etruscorum
1630 736 1751 820 modo,
1772 735 1896 808 sed&

560 853 607 922 lo.
633 849 827 934 Bentitoli,
854 822 1062 924 catharinae
1088 843 1255 941 Slortiae,
1280 836 1521 941 Venetorum,
1549 866 1609 960 δι’
1622 855 1788 954 Ludovici
1825 862 1899 929 Me·

558 963 810 1042 didlauensium
836 963 973 1052 Ducis,
998 995 1033 1043 re
1044 951 1205 1061 insedla,
1230 977 1381 1080 Clusium
1403 971 1502 1050 rediit
1512 998 1651 1072 ,atque
1675 941 1902 1080 indeadGal·

561 1087 670 1160 lorum
698 1110 810 1164 castra
836 1089 926 1162 retra
952 1075 1155 1164 contendit.
1175 1097 1321 1166 Miserat
1344 1075 1435 1165 enim
1461 1032 1604 1168 Carolus
1645 1099 1718 1194 Rex
1756 1099 1914 1170 adeum

559 1211 714 1282 homines
742 1235 818 1284 curn
829 1207 1040 1299 mandatis,
1066 1215 1226 1310 quibus
1218 1241 1251 1285 tn
1277 1218 1352 1285 e'ain'
1383 1239 1487 1307 spem
1505 1217 1667 1290 adductus
1693 1233 1771 1300 est,
1806 1215 1901 1306 sore,

556 1350 599 1400 ut
626 1331 780 1423 adempta
805 1331 903 1402 sibi
894 1357 929 1404 ιιι
956 1333 1183 1422 Neapolitano
1210 1337 1329 1428 Regno
1355 1361 1373 1405 a
1394 1335 1680 1408 Columnensrbus
1701 1325 1925 1443 oppida
1852 1358 1903 1406 re·

468 1477 480 1508 s
563 1472 759 1540 superaret,
782 1452 815 1520 si
839 1475 875 1522 se
902 1475 937 1523 se
965 1467 1040 1524 cum
1064 1453 1170 1524 Gallis
1197 1451 1444 1547 coniungeret.
1471 1455 1567 1526 Laeti
1592 1421 1781 1525 Florentini
1795 1443 1902 1550 quod

561 1569 598 1640 lri
625 1595 642 1640 a
668 1595 704 1641 se
731 1571 990 1674 discessissent,
1017 1559 1178 1686 quodque
1204 1577 1245 1646 ab
1272 1575 1409 1645 Ursinio
1448 1547 1582 1646 reliclus
1617 1562 1751 1646 suisset
1762 1574 1911 1668 Petrus,

563 1694 732 1762 sentinam
758 1693 937 1780 quamdam
963 1693 1056 1763 urbis
1080 1693 1147 1763 rati
1171 1694 1400 1780 exhaustam,
1425 1697 1517 1787 quod
1542 1695 1674 1788 jamdiu
1695 1689 1940 1780 cupiebant,

563 1811 669 1880 multa
694 1831 888 1882 novarunt.
913 1815 1070 1885 Ceterum
1096 1813 1297 1885 levaverunt
1321 1789 1455 1883 modo
1447 1835 1481 1892 ιιι
1501 1809 1695 1902 praesentia
1692 1811 1807 1882 uelut
1829 1834 1903 1880 cor·

564 1954 627 2020 pus
655 1953 814 2021 aegrum,
840 1955 909 2022 quo
936 1920 1014 2001 mox
1051 1931 1085 2002 in
1122 1933 1313 2023 graviorem
1349 1932 1502 2008 morbum
1541 1932 1729 2006 recideret.
1767 1930 1902 2001 Nullum

567 2051 638 2120 sere
665 2068 738 2119 erat
764 2050 955 2134 aerarium,
982 2053 1179 2122 conciderat
1202 2071 1414 2130 mercatura,
1438 2078 1505 2149 qua
1527 2052 1739 2142 ¹praesertim
1775 2047 1903 2122 florue·

567 2186 642 2237 rant
669 2167 858 2240 florentini
880 2159 1009 2240 nullum
1032 2185 1141 2272 [genus
1162 2191 1324 2264 quaestus
1350 2191 1408 2242 aut
1434 2173 1546 2262 magni
1572 2177 1603 2242 bt
1628 2169 1821 2254 evidentis,
1844 2189 1903 2240 aut

566 2285 697 2356 minimi
724 2287 908 2360 &sordidi
933 2293 1265 2413 praetermittentes,
1292 2269 1480 2362 consensus
1500 2291 1664 2368 ordinum
1689 2309 1762 2362 erat
1787 2289 1904 2361 divul-

563 2431 642 2492 sus,
665 2403 791 2500 judicia
817 2399 1016 2497 perierant,
1042 2412 1156 2493 ciuis,
1181 2413 1241 2503 qui
1267 2435 1389 2528 sepro
1416 2409 1545 2499 patriae
1570 2409 1679 2480 salute
1716 2429 1904 2502 opponeret

461 2545 465 2552 ·
565 2504 717 2604 inuidiae
744 2521 789 2601 δι
804 2523 937 2616 srirori,
964 2531 1101 2604 minime
1128 2511 1347 2616 audiebatur,
1384 2533 1501 2601 omnia
1515 2527 1666 2600 demum
1702 2527 1905 2620 gerebantur

566 2649 608 2720 ad
633 2641 815 2720 effrenatae
853 2641 893 2722 δι
918 2651 1119 2740 impotentis
1144 2653 1373 2725 multitudinis
1401 2631 1601 2734 arbitrium.
1627 2649 1679 2718 Ad
1720 2649 1783 2717 has
1810 2645 1910 2722 cala·,

564 2771 701 2848 mitates
729 2771 936 2855 accedebat,
964 2773 1056 2873 quod
1081 2775 1282 2882 Hieronymi
1304 2771 1533 2870 Savouarolae
1560 2771 1699 2864 lingua,
1725 2768 1828 2862 quasi*
1849 2792 1904 2836 se·

565 2888 709 2961 ditionis
735 2886 867 2986 flabello
895 2889 1055 2960 universa
1080 2891 1204 2962 civitas
1231 2892 1426 2964 contrarias
1447 2893 1482 2962 in
1500 2911 1614 2982 partes
1630 2888 1930 3018 distrahebatur,

566 3034 670 3100 quare
692 3007 833 3082 mirrime'
852 3003 1025 3094 deerant,
1052 2999 1116 3100 qui
1132 3003 1273 3080 assidue
1297 3012 1524 3103 hortabantur
1548 3013 1711 3094 Petrum,
1739 3031 1781 3076 ne
1808 2979 1930 3079 dese·

565 3125 655 3200 rere'r
677 3151 714 3198 se
740 3151 801 3216 se,
840 3120 1042 3229 'statumque
1061 3127 1243 3248 divisae,
1266 3129 1507 3242 perturbatae,
1548 3105 1714 3205 'coirsusae
1751 3124 1929 3204 civitatis

499 3319 504 3328 ,
565 3251 664 3320 suam
688 3249 919 3320 occasionem
914 3239 1092 3332 haberet,
1118 3232 1398 3366 experireturque
1423 3233 1524 3354 quam
1550 3272 1640 3321 vana
1667 3265 1726 3320 aut
1750 3247 1817 3316 levi
1845 3253 1929 3315 aus

568 3390 606 3441 ta
630 3365 753 3439 mobile
778 3365 917 3470 vulgus
922 3385 1039 3438 esset.
1048 3365 1127 3440 His
1154 3385 1267 3462 motus
1278 3355 1469 3449 ιοιίιιιι,Ι
1506 3391 1563 3456 per
1605 3365 1900 3437 Bartholomaeum
2009 3365 2012 3376 '

567 3483 795 3561 Liuianum
772 3487 883 3578 magni
905 3486 1009 3560 animi
1037 3509 1244 3578 magnaeque
1278 3490 1417 3564 virtutis
1453 3471 1645 3573 hominem,
1674 3509 1775 3597 quem
1795 3485 1908 3558 humi·

568 3605 610 3676 li
621 3607 777 3684 Etruriae
801 3605 883 3682 loco
908 3601 1121 3708 (Albianum
1145 3601 1293 3694 dieunt)
1318 3629 1434 3685 natum
1462 3610 1503 3684 ad
1529 3607 1671 3718 militiae
1688 3603 1907 3725 disciplinam

569 3724 930 3829 erudieratVirginiu's
944 3727 1123 3810 Urrinius,
1152 3719 1307 3802 celeriter
1332 3746 1433 3818 atque
1458 3711 1595 3797 occulte
1611 3736 1791 3798 sexcentos
1813 3725 1911 3816 equi·

570 3864 643 3928 tes,
668 3829 715 3914 'ac'
732 3845 876 3922 totidem
900 3839 1027 3936 pedites
1048 3849 1278 3936 conscripsit,
1301 3840 1547 3942 noclurnlsque
1570 3845 1749 3930 itineribus
1776 3831 1910 3918 Tabe'r-
1959 3903 1961 3913 ,

572 3961 672 4038 nulae
698 3964 938 4056 (hoco'ppldo
960 3974 1104 4052 nomen,
1130 3969 1222 4059 ¹quod
1255 3967 1426 4041 Florentia
1456 3981 1527 4036 xv.
1561 3963 1709 4052 millibus
1749 3987 1910 4052 passuum

508 4091 522 4176 j
573 4081 706 4174 distat)
731 4087 901 4163 accessit.
931 4088 1011 4166 lude
1041 4087 1182 4160 nuntios
1208 4088 1244 4160 in
1273 4087 1387 4157 urbem
1414 4083 1454 4160 ad
1481 4083 1681 4176 conjuratos
1705 4081 1832 4160 mittit,
1850 4079 1910 4173 qui

575 4225 613 4280 re
638 4219 776 4294 postera
798 4205 853 4275 die
877 4206 987 4294 prima
1011 4205 1086 4276 luee
1124 4205 1165 4276 ad
1197 4224 1330 4296 portam
1355 4227 1601 4288 accessurum,
1628 4222 1770 4292 eamque
1802 4221 1913 4268 occu·

579 4342 737 4414 patruum
763 4323 948 4399 docerent.
981 4325 1069 4395 Tum
1104 4321 1240 4416 quoque
1282 4321 1423 4396 fortuna
1451 4323 1536 4392 huit
1581 4311 1725 4392 tonatur
1756 4317 1911 4389 obstitit.

577 4443 788 4531 festinum
818 4422 1068 4544 defatigathue
1094 4459 1166 4522 tum
1196 4464 1239 4520 ex
1266 4441 1412 4525 itinere,
1448 4459 1522 4521 tum
1545 4431 1587 4518 ιι
1613 4427 1759 4534 maximo
1787 4436 1923 4529 imbre,

1787 4577 1887 4638 §libb
