4472 5828
754 679 784 745 V
870 679 895 746 'l
994 683 1024 748 T
1125 677 1163 744 tl‘
1574 689 1619 762 55

329 799 479 874 laturum
502 789 717 883 declarabat,
733 817 791 885 ut,
811 799 931 871 invitis
956 798 1192 888 principibus,
1216 796 1392 870 resistente
1419 815 1563 880 senatu,
1587 801 1669 864 dm·

332 919 433 992 mrbus
456 918 554 990 bonis
581 919 876 1011 repugnantibus,
900 920 972 1011 ejus
1000 943 1122 993 caussa
1139 922 1415 1010 ,protraheretur
1443 916 1610 1000 bellum·
1647 932 1696 1012 ζὴ,

331 1059 402 1131 quo
429 1041 465 1111 in
489 1041 669 1112 maximum
694 1039 881 1130 periculum
906 1046 940 1112 u
964 1061 1152 1112 extremum
1178 1061 1265 1130 petre
1290 1040 1470 1120 discrimen
1496 1038 1569 1126 ipsa
1588 1037 1670 1156 ugr

331 1158 470 1246 publica
494 1155 638 1231 adducis
661 1176 754 1231 erat.
778 1159 853 1249 lpse
877 1160 981 1251 igitur
1004 1163 1141 1237 insueta
1165 1187 1200 1233 re
1225 1179 1425 1252 permotus,
1453 1161 1487 1230 tr
1512 1155 1668 1246 privatus

330 1277 399 1371 jam
424 1278 692 1370 magistratruum
717 1277 776 1365 iis,
801 1282 859 1372 qui
883 1298 1047 1352 summam
1074 1299 1279 1374 potestatem
1297 1279 1496 1361 habebant,
1520 1299 1590 1346 non
1617 1299 1675 1351 ree

329 1397 504 1483 sistendi,
528 1397 589 1470 sed
613 1397 811 1492 defugiendi
834 1399 1017 1472 consilium
1044 1401 1153 1490 cepit,
1179 1400 1272 1491 quod
1300 1400 1425 1470 accidit
1451 1399 1582 1470 decimo
1620 1399 1686 1470 se·.

330 1541 366 1589 te
390 1532 469 1608 post
493 1537 584 1589 anno
609 1539 711 1609 quem
736 1541 867 1592 summa
901 1541 979 1591 curn
1013 1521 1077 1590 fide
1110 1540 1211 1612 atque
1238 1519 1459 1610 integritate,
1487 1517 1547 1587 sed
1573 1515 1679 1588 nulio

330 1657 408 1710 cum
435 1635 539 1708 attlmi
557 1637 682 1710 robore
700 1641 743 1711 ad
765 1640 986 1732 Reipublicae
1011 1637 1241 1730 gubernacula
1266 1640 1418 1710 sederat.
1445 1638 1547 1708 Nolle
1584 1639 1672 1706 inse-

328 1759 450 1846 quenti
475 1755 597 1827 dudltts
622 1775 675 1828 est
699 1760 733 1827 in
758 1777 875 1850 agrum
897 1761 1106 1838 Senensem,
1138 1759 1216 1830 inde
1257 1759 1421 1828 simulans
1456 1783 1493 1828 se
1529 1759 1682 1826 Romam.

333 1878 485 1966 iturum,
511 1879 553 1950 ad
577 1879 757 1951 Anconam
784 1879 848 1950 iter
871 1877 1021 1963 ditexit,
1055 1879 1189 1970 ibique,
1214 1899 1401 1950 conscensa
1428 1880 1536 1961 navi,
1561 1879 1674 1964 Rugu-

332 1998 417 2067 sium
442 2000 615 2088 pervenit.
639 2000 828 2070 Certiorem
854 2001 943 2070 enim
970 1999 1065 2072 illum
1090 1998 1219 2070 fecerat
1235 1998 1434 2069 Soderinius
1460 1996 1672 2076 Cardinalis,

333 2141 375 2185 ne
402 2141 498 2188 suam
524 2119 752 2210 committeret
777 2117 922 2188 salutem
948 2117 1024 2190 fidei
1048 2121 1244 2204 Pontifiris,
1280 2122 1338 2211 qui
1378 2119 1414 2188 in
1451 2116 1674 2186 consuetudi-

332 2257 407 2307 nem
430 2257 584 2308 verterat
610 2237 729 2308 ulcisci
754 2255 898 2326 peccata
923 2241 1095 2327 peccatis,
1120 2239 1258 2333 injurias
1284 2240 1439 2333 injuriis.

430 2343 617 2429 llisrebus
643 2359 771 2448 gestis,
796 2357 987 2430 Florentini
1014 2362 1127 2430 statim
1168 2359 1299 2454 lega'tos
1326 2361 1367 2432 ad
1406 2363 1584 2452 Protogeni
1627 2357 1675 2428 le·

331 2497 476 2568 gerunt,
500 2480 557 2570 qui
583 2479 770 2565 referrent,
799 2498 914 2550 amoto
942 2478 1207 2567 transeunti,
1234 2487 1267 2554 u
1293 2479 1523 2552 multitudinis
1552 2480 1672 2568 conci-

331 2619 473 2684 tatore,
500 2622 536 2667 se
561 2601 794 2688 paratissimos
820 2623 895 2670 esse
921 2602 962 2670 ad
988 2625 1044 2672 eas
1071 2601 1285 2690 accipiendas
1322 2600 1563 2682 conditiones,
1586 2620 1674 2688 quae

331 2715 398 2807 ipsi
423 2717 512 2789 ferre
537 2717 717 2789 libuisset.
741 2722 848 2791 Porro
874 2719 1011 2794 minime
1035 2718 1147 2792 defuit
1173 2720 1312 2809 negotio
1332 2723 1478 2791 loannes
1502 2719 1672 2790 Cardina-

330 2834 397 2923 lis,
422 2843 455 2910 ur
481 2861 541 2928 pro
567 2861 629 2908 sua
651 2839 863 2910 humanitate
890 2859 992 2930 atque
1014 2838 1193 2910 clementia
1217 2815 1351 2906 flectere
1386 2839 1429 2908 ad
1465 2838 1670 2928 aequitatem

329 2957 485 3048 Protegis
512 2957 662 3028 animum
697 2980 900 3049 magnopere
924 2957 1076 3033 studuit.
1102 2957 1207 3048 Quod
1232 2954 1273 3026 ad
1298 2978 1334 3026 se
1360 2955 1572 3045 pertinebat,
1600 2979 1671 3026 non

332 3073 427 3146 aliud
451 3077 634 3165 petendum
658 3078 820 3163 censuit,
844 3079 909 3148 nisi
933 3093 971 3148 ut
999 3079 1070 3166 ipse
1095 3076 1215 3167 suique
1240 3098 1358 3146 omnes
1385 3095 1457 3148 tum
1480 3078 1670 3170 sanguine,

331 3211 406 3262 tum
433 3193 587 3264 amicitia
610 3195 806 3286 conjundii,
837 3197 897 3288 qui
922 3195 995 3289 ejus
1022 3196 1252 3266 calamitatum
1287 3195 1470 3284 participes
1502 3194 1671 3279 fuerant,

330 3313 462 3403 patriae
487 3314 732 3404 redderentur,
757 3315 971 3405 privatorum
992 3315 1119 3388 civium
1139 3317 1267 3408 juribus
1288 3313 1500 3402 fruerentur,
1520 3333 1673 3406 potesta·

329 3447 464 3525 temque
490 3434 653 3507 haberent
678 3437 849 3528 praesenti
874 3434 1021 3530 pecunia
1046 3435 1229 3514 redimendi
1265 3437 1355 3508 bona
1388 3435 1450 3508 sibi
1488 3435 1673 3526 adempta,

329 3575 417 3645 quae
442 3554 578 3644 publica
604 3557 805 3634 audieritate
832 3561 866 3632 in
893 3561 1019 3634 alienas
1045 3585 1165 3638 manus
1199 3581 1449 3656 pervenerant.
1490 3558 1669 3650 Provisum

327 3668 434 3742 etiarn
458 3675 557 3748 rebus
582 3677 727 3766 publicis
755 3680 848 3754 fuit.
875 3685 959 3756 Nam
984 3683 1129 3772 Hispani
1154 3683 1254 3778 jura,
1279 3681 1393 3777 leges,
1418 3705 1547 3786 agrosP
1570 3679 1672 3760 libet·

329 3807 437 3862 tatem
461 3790 669 3871 Florentinis
696 3801 933 3894 reliquerunt,
962 3804 1056 3894 ipsos
1080 3807 1116 3876 in
1142 3804 1344 3880 societatem
1371 3821 1589 3894 receperunt,
1613 3801 1674 3875 im·

329 3912 442 3998 posita
466 3933 579 3986 tamen
607 3921 805 3992 conditione
830 3923 1031 3997 exsolvendi
1058 3945 1195 3999 centum
1220 3925 1448 4018 quadraginta
1471 3920 1575 3997 millia
1600 3943 1673 3992 uu·-

328 4051 419 4102 mum
445 4057 653 4126 aureorum,
679 4065 823 4132 quotum
850 4045 1073 4136 quadraginta
1097 4047 1139 4119 ad
1162 4049 1368 4124 Caesarem,
1404 4038 1601 4133 eduoginra
1627 4039 1671 4118 aa

327 4150 531 4243 Hispanos,
554 4160 676 4252 viginti
696 4185 779 4236 vero
807 4169 859 4256 ad,
873 4171 1051 4257 Protegem
1077 4165 1322 4254 pervenirent,
1346 4164 1408 4238 Per
1429 4181 1581 4242 caussam
1604 4169 1668 4219 ²¹²·

329 4291 397 4342 tem
420 4277 670 4368 conjunctionis
695 4285 884 4372 speciosam
909 4287 1137 4376 promiserunt
1174 4283 1364 4358 Florentini
1400 4287 1431 4334 ⁹·
1463 4265 1604 4353 ffiSPinl
1629 4291 1666 4342 Se

326 4409 448 4462 mutuo
478 4399 613 4468 armatis
636 4401 778 4490 juvandi
791 4451 804 4485 ,
828 4429 928 4496 quam
955 4407 999 4476 ob
1016 4430 1082 4478 tem
1111 4405 1163 4478 illi
1188 4407 1294 4460 ΜΠ
1321 4381 1416 4454 suere
1433 4383 1512 4454 dile
1537 4381 1665 4478 Sthffll·

326 4509 421 4576 dium
447 4513 602 4583 ducentis
628 4521 785 4601 Hispanis
804 4519 1154 4608 parabusseoeque
1194 4505 1232 4582 ln
1276 4504 1455 4592 civilatem
1488 4509 1663 4612 ῐὲἷΪΡῆΓῆι
