4372 5842
634 672 648 708 '
699 688 729 755 V
814 667 839 756 Ἰ
936 690 968 760 Τ
1064 685 1096 757 Α
1459 701 1525 775 223

246 827 310 876 nec
332 825 415 876 sane
445 803 500 876 hic
524 802 708 897 quidquam
737 807 851 879 omisit
876 806 919 880 ad
944 806 1021 882 illos
1054 809 1296 902 honorandos,
1326 805 1495 882 fovendos
1520 807 1576 878 in·

246 920 533 1019 flammandosque
556 923 682 1019 gloriae
711 929 921 1018 cupiditate.

341 1045 443 1139 Quod
480 1046 593 1119 denuo
627 1068 749 1120 exorta
784 1047 895 1120 suerat
930 1050 965 1120 in
999 1051 1102 1124 domo
1134 1051 1311 1125 Laurentii
1344 1051 1486 1124 Medicei
1521 1070 1574 1120 ars

247 1166 370 1240 affabre
396 1166 563 1239 incidendi
599 1189 765 1259 gemmas,
803 1167 955 1262 aliosque
996 1168 1142 1240 rariores
1180 1171 1334 1262 lapides,
1371 1193 1577 1266 magnopere

157 1295 159 1300 ’
244 1293 378 1364 curavit
403 1293 498 1374 Leo,
523 1308 562 1360 nt
588 1290 645 1362 illa
669 1312 806 1384 quoque
831 1314 893 1360 sua
918 1311 1028 1364 aetate
1064 1293 1100 1364 in
1124 1295 1255 1366 honore
1290 1315 1405 1382 esset,
1443 1293 1580 1364 habuit·

244 1433 312 1502 que
335 1433 417 1482 sane
444 1409 666 1500 peritissimos
699 1411 875 1498 artifices,
900 1413 1020 1506 quibus
1050 1433 1227 1502 uteretur,
1265 1417 1401 1485 Petrum
1434 1413 1577 1483 Mariana

241 1531 466 1616 Pisciensern‚
492 1532 525 1596 'dt
549 1530 774 1604 Michelinium
807 1533 1005 1624 quemdam,
1037 1535 1095 1624 qui
1120 1534 1214 1607 viam
1250 1551 1453 1624 aperuerunt
1477 1537 1575 1604 loan-

242 1649 279 1720 ni
304 1649 487 1722 Bernardio
513 1675 533 1722 a
570 1653 694 1722 Castro
719 1653 924 1724 Bononiensi
953 1705 963 1739 ‚
988 1651 1124 1723 Valerio
1156 1655 1316 1725 Vicetino
1345 1699 1356 1734 ,
1398 1651 1577 1726 Matthaeo

245 1771 429 1856 Namatio,
456 1769 599 1864 aliisque
628 1769 783 1844 felicibus
811 1773 894 1871 adeo
919 1793 1071 1847 veterum
1095 1777 1306 1847 Graecorum
1332 1771 1578 1854 imitatoribus,

245 1909 284 1960 ut
310 1914 387 1962 cum
412 1891 453 1962 iis
479 1891 522 1963 de
542 1889 652 1982 gloria
677 1895 881 1964 contendere
906 1896 1101 1982 potuerint.
1127 1894 1191 1964 Ars
1208 1895 1311 1966 etiarn
1330 1917 1407 1966 aera
1431 1893 1588 1964 inciden·'

244 2011 305 2096 di,
332 2014 427 2103 cujus
452 2030 565 2081 ortum
592 2011 627 2080 in
651 2015 787 2084 Etruria
813 2011 990 2096 sortasse,
1016 2020 1049 2086 δι
1074 2017 1108 2085 ἰη
1134 2013 1229 2086 ltalia
1254 2032 1344 2085 certe
1367 2013 1577 2103 reperimus,

247 2153 399 2223 quaeque
425 2154 445 2200 a
468 2129 670 2216 Germanis,
694 2135 727 2202 dt
752 2131 793 2202 ab
818 2127 957 2202 Alberto
981 2136 1113 2208 Durero
1138 2137 1333 2225 praesertim
1361 2133 1403 2204 ad
1423 2154 1578 2222 magnam

247 2250 458 2322 altitudinem
484 2249 641 2339 proveda
666 2249 751 2332 fuit,
777 2251 856 2324 nixa
878 2254 999 2324 Leonis
1026 2254 1214 2340 patrocinio
1248 2271 1323 2324 est.
1348 2256 1432 2324 Nam
1468 2249 1577 2341 pluri·

248 2395 340 2444 mum
359 2373 387 2442 is
414 2371 498 2443 savit
522 2369 615 2442 laudi
641 2369 783 2442 Antonii
808 2371 1002 2446 Raimundii
1027 2377 1271 2456 Bononiensis,
1295 2375 1355 2468 qui
1380 2375 1415 2442 in
1449 2397 1490 2442 ea
1515 2395 1576 2442 ce-

250 2513 342 2566 teros
368 2513 484 2566 omnes
507 2492 702 2580 superavit,
727 2497 761 2564 St
786 2515 845 2581 per
869 2517 969 2585 quem
993 2491 1137 2584 fallunt,
1163 2513 1200 2566 ut
1232 2495 1314 2564 haec
1347 2519 1401 2564 ars
1439 2495 1471 2557 ἃ
1511 2491 1579 2560 late
1622 2555 1627 2568 .

249 2629 408 2702 pateret,
432 2615 465 2682 δι
492 2610 581 2700 apud
618 2612 721 2682 Italos
754 2613 934 2684 multorum
971 2614 1188 2687 contentione
1215 2615 1467 2703 perficeretur.
1493 2617 1581 2684 Bene

244 2728 357 2802 hercle
383 2729 528 2804 faciebat
554 2733 642 2816 Leo,
669 2757 746 2804 cnm
772 2733 958 2816 neminem,
991 2735 1048 2824 qui
1075 2735 1108 2802 in
1140 2734 1252 2826 aliqua
1279 2731 1439 2804 facultate
1465 2729 1579 2800 excel·
1610 2755 1613 2770 ¹

244 2853 360 2940 leret,
384 2877 404 2924 a
427 2875 463 2924 se
489 2854 731 2926 inhonoratum
756 2854 923 2926 discedere
948 2854 1161 2944 patiebatur,
1187 2860 1221 2927 dr
1246 2856 1326 2948 quia
1351 2851 1578 2924 familiarissi-

245 2979 299 3044 me
324 2973 484 3046 utebatur
508 2975 697 3068 Augustino
726 2975 872 3060 Chimo,
895 2997 1046 3067 genero,
1070 2972 1196 3044 divitiis
1223 2977 1257 3044 ar
1294 2971 1501 3044 liberalium·
1521 2997 1578 3042 ar-

247 3094 331 3165 tium
356 3096 547 3185 patrocinio
572 3093 759 3166 clarissimo
780 3093 902 3186 (1¹37),
929 3096 1023 3190 cujus
1047 3097 1081 3166 or
1107 3093 1181 3166 vita
1205 3099 1239 3166 or
1274 3095 1389 3164 oratio
1413 3115 1580 3164 consecu-

248 3231 285 3286 ta
308 3213 420 3288 suerat
439 3212 665 3286 difficillimam
688 3211 777 3283 illam
798 3215 994 3288 societatem
1018 3215 1195 3306 gravitatis
1213 3238 1286 3288 cum
1310 3195 1582 3285 humanitate&
1652 3305 1654 3310 ,

246 3331 363 3424 lepore
372 3377 388 3422 ,·
408 3335 500 3406 hunc
525 3334 669 3407 maxime
683 3335 872 3406 ’adhibebat
897 3333 939 3406 ad
963 3333 1177 3406 excitandam
1196 3334 1397 3406 nobiliorum
1415 3334 1582 3404 artificum

246 3450 471 3528 industriam.
497 3453 628 3530 Florem
651 3453 766 3564 populi
792 3452 897 3524 illurn
912 3453 1120 3543 appellabat,
1143 3454 1237 3546 quod
1263 3455 1440 3526 admodum
1459 3453 1591 3545 'gande'

249 3578 309 3648 bat
331 3577 372 3656 iis
399 3577 492 3665 ipsis¹
506 3574 632 3658 rebus,
657 3573 778 3664 quibus
804 3573 924 3644 miron
947 3576 983 3644 in
1006 3575 1142 3647 modum
1165 3576 1236 3664 ipse
1253 3573 1581 3644 oblectabam-ser

244 3697 343 3768 'hunc
370 3719 446 3767 curn
469 3695 623 3766 novisset
648 3695 860 3766 Franciscum
896 3694 1075 3779 Prndium,
1113 3716 1224 3766 orturn
1262 3694 1412 3764 Veneriis
1438 3691 1607 3792 patricia

248 3817 403 3901 familia,
427 3819 580 3910 juvenem
605 3813 719 3884 multis
745 3815 896 3896 artibus,
921 3814 981 3884 sed
1014 3817 1211 3903 praesertim
1246 3813 1429 3910 astrologia
1468 3815 1585 3884 erudi-

248 3954 340 4016 tum,
369 3959 411 4005 ex
436 3955 478 4006 eo
505 3931 687 4024 aliquando
711 3927 830 4017 (serio
856 3933 979 4023 jocose
1004 3935 1156 4028 nescio)
1178 3929 1379 4029 quaesiuit,
1402 3955 1490 4003 num
1508 3922 1585 4000 esse
1650 3945 1655 3965 ⁶

246 4075 386 4148 possent
411 4077 523 4126 return
549 4051 737 4124 futurarum
762 4034 857 4144 signa
882 4063 1116 4126 ex'astrorurn'
1151 4057 1420 4135 observatione,
1453 4051 1584 4122 multos

248 4175 382 4266 quidem
408 4195 444 4244 se
469 4172 642 4247 audiuisse
667 4171 856 4263 astrologos
880 4175 1063 4264 inquiens,
1089 4174 1148 4267 qni
1172 4177 1215 4246 in
1232 4171 1457 4263 praedidlioaie
1481 4189 1585 4241 nota·

249 4293 411 4384 tioneque
436 4291 491 4364 sui
528 4301 736 4383 suorumque
774 4292 867 4363 vitae
903 4292 1008 4362 multa
1045 4315 1169 4364 temere
1200 4277 1399 4376 effutivere,
1435 4297 1493 4360 ut³
1511 4293 1582 4361 rioo

247 4429 318 4482 tam
364 4409 453 4480 caeli
486 4461 496 4494 ,
537 4435 638 4503 quarn
685 4411 806 4486 caelati
855 4413 986 4506 argenti
1026 4412 1199 4483 'rationem
1226 4410 1273 4482 illi
1307 4411 1444 4482 duxisse
1482 4411 1585 4480 vide·

247 4550 363 4613 auntnr
386 4581 396 4607 .
419 4531 582 4618 Priuliuo,
597 4549 634 4602 ut
660 4533 820 4624 probaret
845 4532 998 4606 Pontifici
1030 4528 1315 4638 baudreiicienda
1339 4529 1454 4604 omnia
1476 4533 1590 4604 astro»
