4372 5842
651 647 717 726 194
987 639 1015 710 l.
1062 639 1091 714 Ε
1139 639 1173 712 0
1219 641 1250 710 N
1297 645 1311 714 1
1364 637 1386 708 S
1460 637 1502 711 X.

594 750 729 840 quidem
752 753 819 826 dici
840 777 955 848 potest
980 780 1065 853 quot
1091 763 1117 834 ii
1132 761 1362 835 incitamenta
1386 756 1567 830 habuerint
1588 781 1608 828 a
1633 757 1771 844 Leone,
1795 775 1834 831 ut
1856 762 1920 832 eo:
1990 837 1994 845 ,

593 889 668 939 rum
700 871 815 946 laudes
839 879 966 952 cundis
991 881 1147 976 gentibus
1173 898 1399 973 apparerent,
1423 877 1564 968 prolatis
1589 879 1624 948 in
1651 879 1843 970 adspedlttm
1867 879 1926 951 lu·

595 1009 734 1082 temque
760 995 885 1086 ingenii
910 1003 1159 1089 monumentis,
1177 1007 1211 1072 br
1226 1023 1270 1072 ne
1287 999 1445 1070 alacritas
1462 1000 1629 1090 animique
1645 997 1817 1084 hilaritas,
1835 1023 1923 1092 quae

591 1109 725 1183 illorum
744 1139 944 1210 congressus
963 1142 1065 1216 atque
1092 1121 1253 1198 convivia
1277 1119 1475 1204 condiebat,
1492 1119 1675 1211 quidquam
1703 1119 1822 1190 virtuti
1850 1125 1924 1194 offi-

593 1252 683 1303 ceret
710 1285 717 1303 .
746 1237 870 1312 Omnia
896 1241 943 1312 illi
969 1295 980 1330 ,
1004 1265 1042 1320 ut
1066 1241 1166 1314 Plinii
1191 1241 1302 1314 verbis
1327 1259 1405 1312 utar
1427 1292 1438 1326 ,
1458 1258 1554 1311 tanto
1580 1237 1799 1310 laudabiliora
1824 1239 1925 1311 vide-

590 1347 746 1443 bantur,
771 1383 901 1450 quanto
924 1362 1146 1454 jucundiora,
1180 1381 1276 1432 tanto
1300 1361 1526 1454 jucundiora,
1549 1379 1679 1452 quanto
1702 1358 1922 1433 laudabiliora

590 1493 689 1544 erant
713 1527 723 1546 .
747 1484 831 1550 Cum
855 1480 964 1551 visum
990 1480 1168 1573 aliquando
1194 1483 1237 1553 iis
1263 1482 1382 1552 fuisset
1406 1481 1503 1573 fungi
1538 1483 1593 1570 pio
1616 1499 1782 1560 munere,
1807 1479 1837 1548 si
1859 1482 1921 1550 La·

590 1591 668 1662 tinis
687 1599 886 1670 carminibus
909 1603 1135 1674 celebrassent
1150 1601 1344 1693 religionem
1362 1601 1434 1671 lani
1447 1601 1583 1687 Corycii
1597 1598 1918 1690 Lucumburgensis,

590 1717 684 1803 quod
700 1719 874 1810 magnifice
889 1724 1113 1793 extruendum
1129 1720 1289 1793 sacellum
1313 1739 1492 1791 curaverat
1513 1721 1548 1790 in
1563 1721 1593 1788 S.
1609 1719 1793 1810 Artgustini
1808 1717 1919 1806 Aede,

590 1836 626 1908 in
651 1860 719 1929 quo
745 1863 836 1910 aram
861 1841 1022 1924 Christo,
1046 1842 1150 1914 Matri
1175 1846 1208 1914 er
1235 1841 1342 1912 Aviae
1366 1863 1443 1910 cum
1468 1839 1589 1910 statuis
1615 1839 1656 1909 ab
1681 1839 1921 1910 AndreaCon·

587 1957 702 2027 tuccio
727 1961 945 2032 Sansovinati
968 1962 1135 2052 exculptis
1157 1961 1344 2047 dedicavit,
1370 1983 1486 2031 eorum
1503 1957 1677 2030 consilium
1694 1959 1778 2028 adeo
1799 1958 1919 2045 proba·

538 2072 563 2114 ¹·
586 2073 639 2146 trit
665 2079 839 2161 Pontifex,
865 2099 904 2151 ut
932 2083 974 2153 de
998 2083 1053 2152 his
1079 2085 1161 2171 ipsis
1196 2081 1398 2153 carminibus
1424 2079 1560 2149 edendis
1583 2102 1699 2148 curam
1729 2077 1916 2166 susceperit

585 2189 718 2266 Blosius
742 2197 927 2287 Palladius,
947 2202 998 2274 vir
1013 2201 1047 2271 in
1063 2202 1246 2295 pangendis
1264 2202 1414 2274 versibus
1440 2202 1524 2272 mira
1546 2198 1712 2270 facilitate
1736 2201 1771 2269 tr
1796 2195 1916 2268 facun-

585 2309 663 2401 dia,
676 2321 708 2388 br
722 2315 758 2386 in
777 2317 919 2391 dicendo
940 2319 1197 2415 elegans,quod
1216 2341 1328 2392 tamen
1342 2320 1450 2391 serius
1468 2315 1823 2407 omnino'praestitnm
1837 2335 1916 2392 estc

581 2453 660 2503 nam
675 2433 775 2507 beoe
795 2437 881 2510 vivis
897 2461 1110 2523 excesserat,
1130 2441 1269 2534 quando
1289 2440 1482 2527 Coryciana
1505 2437 1679 2526 apparuit.
1696 2438 1745 2506 Ex
1769 2435 1835 2507 hoc
1856 2460 1916 2507 au·

579 2567 650 2623 tem
669 2575 761 2640 utto,
781 2577 864 2628 sane
886 2555 1137 2651 elegantissimo
1161 2557 1276 2632 libello
1302 2561 1463 2653 cognosci
1489 2576 1626 2648 potest,
1644 2576 1808 2650 quantum
1832 2558 1912 2628 urbs

581 2670 693 2743 Roma
710 2693 782 2746 turn
796 2676 1032 2750 eruditissimis
1047 2677 1240 2751 hominibus
1252 2727 1263 2762 ,
1274 2678 1579 2772 liberalissimisque
1593 2679 1738 2765 studiis,
1755 2701 1794 2749 ac
1812 2699 1914 2767 prae-

578 2793 697 2866 sertim
719 2795 864 2886 poeticis
890 2789 1045 2874 afflueret
1076 2851 1087 2884 ,
1110 2822 1198 2890 quae
1221 2797 1354 2897 siquis
1379 2798 1510 2871 leviora
1535 2800 1699 2888 putabit,
1715 2798 1823 2891 quod
1846 2797 1914 2868 du-

581 2911 653 2986 tior
678 2915 722 2987 ad
743 2914 800 2988 illa
825 2939 926 2991 sensu
949 2939 1013 2990 suo
1038 2937 1174 3012 gustare
1198 2943 1267 2991 non
1292 2916 1442 3002 valeat,
1481 2938 1594 2992 tamen
1628 2919 1743 2990 mirari
1777 2918 1911 2990 debebit

576 3032 855 3112 humanissimum
878 3064 917 3112 ac
940 3038 1207 3116 liberalissimum
1227 3040 1395 3111 Pontificis
1421 3039 1612 3132 ingenium,
1635 3041 1694 3134 qui
1718 3041 1816 3133 quasi
1842 3041 1910 3114 Dei

575 3153 694 3249 aliquo
718 3156 811 3228 dono
836 3177 941 3253 atque
965 3166 1102 3234 munere
1127 3160 1352 3231 commendati
1372 3160 1435 3232 sibi
1448 3179 1523 3233 esse
1547 3179 1669 3254 poetae
1692 3160 1910 3250 viderentur,

577 3275 673 3347 omni
697 3278 830 3352 ratione
855 3304 914 3354 eos
938 3281 1106 3356 fovendos
1131 3281 1337 3353 existimavit
1362 3332 1372 3366 ,
1398 3301 1542 3372 quorum
1566 3278 1724 3352 laudibus
1749 3301 1819 3351 non
1844 3303 1906 3352 so-

574 3393 646 3466 lum
672 3397 755 3488 ipse,
770 3401 836 3474 'sed
859 3403 961 3475 etiam
985 3402 1104 3494 Populi
1126 3399 1271 3473 Romani
1293 3421 1417 3471 nomen
1438 3397 1614 3489 plurimum
1633 3417 1792 3472 ornatum
1815 3397 1902 3475 luit.

576 3511 701 3588 Nonne
736 3542 812 3590 cum
844 3519 926 3614 legis
964 3524 998 3594 in
1034 3525 1180 3594 Areosto
1216 3541 1305 3612 quae
1342 3519 1385 3591 de
1408 3522 1557 3604 Leone,
1600 3542 1705 3609 parce
1727 3519 1904 3614 quamvis,

574 3635 749 3726 praedicat
774 3688 784 3722 ,
808 3663 972 3732 usurpare
997 3643 1057 3714 tibi
1082 3663 1183 3732 posse
1205 3640 1332 3714 videris
1359 3640 1482 3731 ,quod
1507 3637 1696 3712 Alexander
1721 3691 1732 3724 ,
1763 3665 1841 3713 curn
1865 3640 1903 3715 in

573 3755 672 3846 Sigeo
697 3760 741 3831 ad
766 3757 907 3830 Achillis
932 3758 1099 3830 tumulum
1120 3759 1337 3832 adstitissett
1364 3783 1385 3832 ο
1402 3761 1605 3852 fortunate,
1644 3760 1803 3856 quintae
1827 3759 1903 3834 vir-

570 3875 655 3948 naris
679 3875 859 3949 Homerum
875 3899 1071 3973 praeconem
1095 3880 1265 3953 invenerit
1290 3881 1299 3951 l
1331 3883 1417 3952 Cum
1441 3883 1472 3952 ei
1497 3903 1595 3952 suum
1615 3903 1735 3971 poema
1760 3930 1770 3958 ‚
1796 3898 1902 3952 ante-

570 4016 670 4086 quam
694 3997 852 4069 ederetur
877 4050 887 4085 ,
911 3999 954 4070 de
978 3999 1289 4090 gestis'errantium
1314 4050 1325 4085 ,
1350 3997 1455 4091 longo
1480 3997 1628 4082 studio,
1653 4001 1686 4066 bc
1714 3985 1900 4078 multorum

570 4135 737 4187 annorum
762 4139 844 4187 cura
869 4115 1065 4210 vigiliisque
1089 4117 1278 4192 confectum
1301 4119 1510 4206 obtulisset,
1534 4117 1687 4190 laudavit
1713 4119 1748 4189 in
1773 4144 1815 4191 eo
1830 4125 1900 4192 Leo

568 4254 638 4304 non
663 4235 773 4306 solum
797 4237 965 4329 egregiam
988 4241 1152 4312 bonarum
1177 4243 1298 4314 artium
1333 4265 1373 4312 ac
1406 4240 1595 4312 litterarum
1617 4237 1805 4310 dodrinam
1828 4289 1840 4325 ,
1864 4247 1900 4315 bt

565 4349 602 4424 in
634 4351 827 4425 mitioribus
852 4357 1270 4454 studiis,praesertimque
1295 4360 1441 4450 poeticis
1464 4347 1600 4451 elegans
1625 4380 1664 4428 ae
1688 4356 1898 4447 praeclarum

569 4463 770 4562 ingenium,
802 4475 988 4550 sedetiam
1012 4479 1215 4575 singularem
1232 4479 1350 4578 ¹ipsius
1374 4531 1385 4570 ,
1421 4502 1546 4578 perque
1580 4497 1729 4557 veterem
1754 4499 1834 4570 erga
1858 4499 1897 4550 se
