4372 5842
610 613 612 616 ·
710 581 741 646 V
832 587 848 655 Ι
947 585 979 654 Τ
1046 584 1106 657 «A
1408 595 1410 598 ’
1503 604 1568 678 197

206 733 210 740 ·
290 736 328 784 sa
351 709 454 801 ipsius
479 708 636 780 fortunae
662 708 931 780 commendarit.
958 716 1071 804 Neque
1097 707 1206 782 minus
1230 708 1372 780 liberalis
1398 706 1434 780 in
1470 710 1619 780 uerun-

289 833 395 910 dum,
420 827 510 900 bunc
534 851 605 900 non
629 829 739 899 solum
763 829 879 902 retulit
904 832 939 900 in
961 854 1135 902 numerum
1160 831 1387 918 Scriptorum,
1413 849 1451 900 ut
1469 827 1621 921 aiebant,¹

255 941 260 952 ’
288 950 564 1042 Apostolicorum
588 955 623 1023 bt
646 951 931 1034 Abreviatorum,
956 977 1072 1024 verum
1097 956 1197 1024 etiam
1226 957 1374 1046 Nepetae
1398 949 1530 1020 ditione
1555 949 1621 1018 de-

289 1069 446 1152 coravit,
476 1091 537 1160 pro
562 1094 629 1162 qua
653 1071 775 1141 eximia
798 1073 1017 1145 beneficentia
1041 1075 1075 1143 in
1100 1095 1168 1155 se,
1195 1092 1296 1164 atque
1317 1095 1397 1142 suos
1408 1125 1419 1158 ,
1444 1072 1620 1140 maximis·

291 1215 357 1285 que
394 1189 593 1271 beneficiis,
629 1192 752 1283 quibus
789 1194 946 1264 Pontifex
991 1195 1258 1284 prosequebatur
1289 1191 1405 1264 doilos
1438 1191 1621 1275 homines,

291 1332 412 1400 poema
436 1311 627 1382 condidisse
649 1313 798 1397 dicitur,
823 1315 917 1403 quod
941 1313 1132 1400 inscripsit.-
1158 1311 1210 1381 La
1249 1311 1412 1383 liberalite
1447 1313 1482 1382 di
1520 1311 1631 1405 Papo

287 1429 421 1502 Leone.
446 1432 559 1500 Tanta
583 1450 657 1500 erat
680 1434 831 1502 omnium
856 1433 994 1526 hujusce
1021 1430 1230 1503 liberalitatis
1254 1434 1449 1512 admiratio,
1473 1451 1511 1501 ut
1542 1432 1625 1526 uirff

289 1552 370 1622 tutis
396 1573 531 1622 carmen
556 1553 724 1634 efficeret,
750 1551 794 1621 ob
820 1574 959 1642 eamque
1000 1575 1153 1624 caussam
1196 1553 1290 1624 multi
1310 1575 1380 1622 non
1406 1552 1524 1634 solum
1550 1531 1631 1620 mo·⁸

289 1672 484 1756 vehantur,
520 1670 580 1740 sed
606 1671 707 1740 etiam
743 1668 1049 1744 inflammabantur
1087 1675 1129 1742 ad
1165 1673 1339 1762 praeclara
1380 1671 1623 1761 suscipienda3

291 1815 369 1863 nam
392 1791 449 1861 ubi
473 1790 583 1858 honos
608 1786 741 1876 publice
766 1805 835 1873 est,
861 1789 905 1858 ibi
928 1789 1054 1882 gloriae
1077 1795 1242 1884 cupiditas
1265 1820 1338 1866 esse
1357 1810 1524 1882 oportet.
1545 1789 1622 1862 Nec

294 1933 377 1983 sone
400 1911 594 2005 quisquam,
616 1928 655 1978 ut
680 1909 861 1997 Raphaelis
886 1911 1092 1984 Brandolinii
1118 1915 1369 1994 testimonio&
1395 1913 1508 1986 verbis
1524 1930 1621 1998 utar,

293 2030 644 2134 humanitatissstudio
664 2031 839 2122 professus
863 2031 1029 2106 uberiores
1053 2032 1201 2104 laborum
1222 2057 1261 2103 ac
1285 2031 1475 2128 uigiliarum
1492 2031 1623 2122 fruclus

198 2211 200 2216 -
295 2140 433 2250 sperat,
455 2173 552 2248 quom
567 2153 634 2245 pm·
659 2150 759 2242 hujus
784 2148 963 2240 Pontpfcr's
988 2155 1293 2235 monsuetudinem,
1310 2155 1529 2248 aequitatem,
1553 2149 1588 2221 cl
1602 2189 1623 2213 ·

296 2278 450 2348 mentium
472 2325 482 2359 ‚
505 2277 692 2368 pietatem,
717 2269 973 2364 munificentiam
999 2289 1203 2369 ,ceteroque
1228 2275 1268 2349 id,
1281 2297 1391 2368 genus
1426 2274 1527 2344 animi
1563 2295 1624 2342 or-

295 2393 450 2468 namento
474 2397 608 2489 saepius
632 2393 778 2478 extollit,
796 2393 937 2485 facilius
952 2395 1124 2488 exprimit,
1149 2393 1348 2466 commodius
1365 2411 1501 2477 norror,
1527 2391 1625 2486 idque

295 2515 537 2594 euidentius,
563 2511 595 2584 ὃ
619 2512 767 2586 crebrius
780 2511 870 2604 fiat,
895 2513 927 2586 ὁ
949 2512 1163 2608 juvenum&
1188 2517 1335 2586 virorum
1360 2513 1496 2610 ingenie
1520 2511 1626 2582 acrio·

197 2646 200 2651 '
295 2635 387 2708 ribus
410 2635 555 2728 quotidie
578 2619 719 2704 seruulis
744 2637 954 2704 excitentur.
982 2641 1033 2706 De
1064 2637 1259 2728 sequidem
1285 2636 1454 2718 fatebatur
1487 2630 1626 2701 Marcus

293 2756 463 2826 Antonius
486 2751 687 2836 Flaminius,
714 2753 907 2842 quodcum
932 2753 990 2822 vix
1010 2775 1030 2822 e
1051 2755 1195 2842 pueritia
1221 2777 1375 2845 egressus
1412 2776 1431 2822 a
1463 2771 1557 2839 patre
1583 2749 1626 2818 ad

291 2875 490 2946 Pontificem
513 2869 635 2942 dttdlus
659 2869 801 2957 fuisset,
827 2873 1077 2966 audivissetque
1103 2875 1205 2946 abeo
1230 2871 1449 2966 virgilianum
1477 2867 1560 2940 illud
1583 2867 1628 2938 de

296 2993 445 3064 Ascanio
477 3012 638 3076 carmen3
885 3001 888 3006 “

492 3227 605 3304 Moe‘le
629 3253 719 3304 noua
745 3234 867 3304 virtute
880 3277 892 3316 ,
910 3253 1022 3328 puer,
1047 3229 1097 3306 sie
1123 3230 1190 3302 itur
1213 3231 1260 3302 od
1280 3249 1398 3320 estre,

295 3472 434 3568 (novit
454 3469 545 3542 enim
577 3472 690 3542 statim
716 3470 772 3543 ille
799 3470 999 3564 quantavis
1026 3471 1150 3563 ingenii
1176 3475 1215 3544 in·
1245 3469 1502 3544 adolescentulo
1529 3475 1629 3546 ines-2
1701 3467 1705 3480 ¹

296 3609 370 3673 set,
404 3593 499 3682 cujus
525 3590 699 3662 excolendi
733 3616 849 3662 curam
869 3591 1100 3691 'Brandolinio
1134 3593 1199 3682 ipsi
1235 3593 1432 3685 commisit)
1466 3609 1564 3662 tanto
1590 3615 1631 3666 se

295 3707 469 3778 incensum
502 3707 609 3780 fuisse
640 3711 808 3781 desiderio
842 3713 884 3782 ad
918 3712 1064 3801 ingenua
1093 3711 1208 3782 studia
1234 3715 1448 3800 exercenda,
1488 3731 1526 3783 ut
1564 3737 1629 3785 nec

292 3826 527 3913 valetudinis,
553 3850 618 3897 nec
648 3829 696 3898 rei
725 3827 902 3901 familiaris
927 3831 1084 3901 habuerit
1111 3857 1260 3924 unquam
1285 3833 1472 3904 rationem.
1497 3831 1623 3901 Eadem

293 3947 366 4020 fere
393 3948 498 4019 dicito
527 3948 570 4018 de
602 3948 731 4018 basilio
758 3951 908 4019 Zanchio
929 3953 1142 4042 Bergomati,
1166 3955 1243 4046 qui,
1271 3977 1346 4024 cum
1380 3955 1415 4022 in
1441 3951 1460 4022 s
1464 3953 1536 4022 lore
1567 3952 1628 4043 ju·

293 4089 459 4152 uentae,
492 4087 605 4144 motus
642 4068 817 4158 praeclara
859 4071 948 4141 fama
974 4072 1129 4152 Leonis,
1157 4073 1397 4164 bominumque
1421 4070 1631 4142 doe‘lissimo·

295 4209 391 4272 rttna,
414 4209 501 4277 quos
523 4183 651 4255 circum
676 4211 711 4256 se
728 4188 900 4272 habebat,
927 4191 1067 4258 Romam
1094 4192 1310 4276 accessisset,
1337 4193 1377 4261 ab
1392 4213 1434 4261 eo
1447 4189 1625 4280 plurimum

295 4303 531 4376 inflammatus
561 4303 627 4374 fuit
667 4305 711 4374 ad
749 4308 991 4376 mansuetiores
1032 4309 1170 4396 Musas,
1203 4335 1244 4384 ac
1282 4311 1497 4401 praesertim¹
1518 4329 1633 4380 sacras

295 4438 372 4495 toto
395 4421 537 4516 peflote
574 4419 843 4513 amplectendas.
866 4415 959 4517 Qu'id
989 4428 1019 4498 si
1039 4430 1162 4515 borum
1189 4433 1476 4506 nobilissimorum
1500 4426 1640 4500 adoleu-
