4372 5842
659 685 727 762 23²
1035 677 1063 748 l.
1110 681 1139 752 tt
1186 681 1220 754 0
1266 682 1298 751 tt
1345 682 1361 752 l
1412 676 1436 747 S
1508 673 1551 747 Χ.

609 790 790 864 bernacula
831 796 1087 889 prehendens,
1125 824 1244 874 eorum
1279 799 1428 871 nefarios
1465 816 1607 870 conatus
1644 789 1850 868 sonoritate
1886 812 1951 866 stre

612 913 833 1002 comprimere
859 918 1018 1003 studuit,
1041 920 1100 992 sed
1125 939 1306 993 creverunt
1341 921 1424 992 adeo
1461 915 1638 988 seditionis
1664 915 1813 1000 semina,
1837 937 1943 1006 opere

607 1034 806 1120 praesertim
833 1037 1048 1109 zamorensis
1074 1041 1254 1130 Episcopi,
1280 1039 1376 1132 cuius
1404 1061 1501 1108 aures
1535 1059 1666 1126 semper
1699 1035 1947 1108 abborruetunt

609 1151 830 1225 aPontificis
863 1159 1023 1246 monitis,
1048 1180 1086 1231 ut
1111 1160 1146 1232 in
1185 1179 1336 1252 apertum
1374 1159 1497 1230 bellum
1535 1159 1736 1250 eruperintt
1771 1153 1874 1224 Dedit
1907 1157 1942 1225 dt

602 1289 742 1360 operam
767 1277 865 1360 Leo,
889 1295 929 1346 ut
954 1276 1183 1370 Sigismundus
1208 1278 1370 1351 Poloniae
1395 1283 1485 1367 Rex,
1510 1283 1568 1373 qui
1599 1281 1709 1371 justas
1731 1271 1939 1368 querelarum

602 1387 740 1462 caussas
767 1415 803 1465 se
824 1396 949 1468 habere
975 1397 1108 1470 dicebat
1133 1399 1170 1470 in
1194 1401 1330 1492 Equites
1356 1399 1607 1483 Theutonicos,
1621 1417 1807 1486 eorumque
1829 1395 1940 1486 Magi·

601 1508 711 1582 strum
736 1510 911 1586 ailbertum
935 1518 1169 1591 Marchionem
1194 1519 1547 1611 brandeburgensem,
1574 1515 1675 1586 armis
1712 1536 1749 1582 se
1775 1511 1940 1592 ‚abstine-

602 1647 685 1712 ret,
709 1628 757 1700 illi
780 1633 815 1703 in
840 1655 984 1708 mentem
1009 1661 1187 1727 revocans,
1212 1639 1298 1710 nihil
1320 1659 1394 1709 esse
1419 1635 1623 1728 gloriosius,
1648 1631 1735 1703 nihil
1761 1633 1836 1702 Deo
1859 1653 1933 1722 gra·

600 1749 693 1834 tius,
718 1773 816 1848 quam
840 1777 878 1828 re
901 1757 1009 1851 iprum
1035 1759 1197 1844 vincae,
1220 1781 1261 1831 as
1279 1759 1438 1854 proprios
1469 1751 1603 1850 effecius
1639 1753 1661 1838 (
1670 1750 1760 1848 quod
1791 1751 1935 1826 dominis

599 1873 774 1966 proprium
798 1877 878 1966 est)
902 1899 1085 1970 esperare,
1108 1896 1341 1976 acceptamque
1364 1878 1520 1970 injurium
1543 1873 1719 1946 clementer
1740 1871 1856 1964 potius
1877 1870 1936 1940 di·

600 1989 727 2062 mittere
749 1987 781 2062 d
807 1995 1018 2079 condonare,
1043 2019 1140 2092 quom
1166 1997 1330 2070 tatemer
1362 1997 1478 2070 ulcisci
1506 1993 1539 2066 ἐν
1570 1990 1748 2090 persequi.
1788 1991 1929 2061 curauit

597 2108 726 2194 etiam,
752 2131 790 2183 ut
804 2112 839 2184 in
856 2113 954 2184 istam
979 2115 1249 2205 pacificationem
1274 2141 1311 2190 se
1336 2143 1372 2190 se
1413 2119 1643 2206 interponeret
1678 2109 1822 2182 Carolus
1845 2109 1939 2180 Cae·

601 2253 676 2314 sar,
702 2231 746 2302 ad
785 2257 887 2324 quarn
921 2235 1168 2328 conciliandam
1204 2237 1381 2327 plurimum
1415 2234 1554 2308 valuere
1587 2229 1755 2323 pericula,
1791 2251 1878 2320 qnae
1913 2251 1934 2300 a

600 2352 723 2422 Turcis
748 2351 994 2426 Dalmatiae&
1020 2357 1179 2428 Croatiae
1205 2357 1489 2428 intendebantur.
1516 2355 1648 2424 Horum
1681 2347 1831 2422 civilium
1856 2350 1933 2424 bel·

598 2465 710 2539 lorum
728 2471 850 2576 stubam
873 2473 1057 2546 Lutherum
1084 2476 1331 2568 quodammodo
1356 2477 1507 2548 extitisse
1531 2495 1603 2543 non
1639 2469 1806 2546 immerito
1837 2469 1934 2540 dixe·

597 2587 667 2660 ris.-
694 2591 729 2662 in
758 2615 879 2684 magna
902 2595 992 2666 enirn
1017 2597 1232 2674 Christianae
1256 2595 1474 2686 Reipublicae
1499 2591 1751 2685 perturbatione
1776 2591 1930 2680 sperabat

595 2711 692 2780 virus
718 2714 911 2786 acerbitatis
939 2718 1189 2810 impietatisque
1212 2739 1293 2789 suas
1326 2716 1459 2809 longius
1485 2735 1725 2805 pervasurum.
1765 2713 1808 2781 Et
1848 2733 1930 2784 sans

593 2830 710 2918 ‚nullus
737 2832 807 2904 fere
833 2835 867 2906 in
893 2838 1076 2910 Germania
1102 2837 1197 2909 locus
1223 2837 1315 2926 suit,
1349 2858 1419 2938 quo
1456 2835 1529 2927 ejus
1563 2833 1669 2905 libido
1702 2815 1928 2925 iniquitasque

592 2973 665 3021 non
691 2955 900 3042 pervenerit,
925 2957 1016 3050 iique
1044 2959 1109 3050 ipsi
1131 2960 1268 3050 Equites
1292 2953 1516 3030 Titeutonici,
1542 2975 1604 3044 pro
1629 2974 1773 3045 quornm
1797 2950 1930 3022 incolu-

556 3120 559 3126 ·
593 3072 714 3142 mirate
740 3097 779 3144 ac
803 3073 968 3164 dignitate
1008 3077 1094 3148 adeo
1119 3077 1284 3150 laborauit
1307 3077 1397 3161 Leo,
1422 3073 1558 3148 minime
1581 3074 1622 3144 ab
1646 3070 1733 3144 illius
1758 3067 1926 3162 pestiferis

535 3231 539 3239 ·
591 3193 762 3264 erroribus
788 3192 1011 3284 refugerunt.
1034 3197 1126 3268 Inter
1145 3195 1229 3268 baec
1248 3197 1388 3267 Romam
1419 3195 1513 3266 venit
1537 3213 1662 3283 magno
1699 3213 1777 3260 curn
1811 3187 1930 3260 hornia

540 3335 543 3342 ·
590 3333 671 3382 nunt
688 3316 721 3382 dt
747 3311 943 3384 seminatum
960 3315 1122 3385 comitatu
1148 3313 1292 3398 (cccc.
1319 3309 1838 3407 erimusquenumerabmtur)
1858 3309 1926 3376 lta·
1980 3392 1983 3396 ¹

587 3429 675 3499 bella
702 3430 861 3520 Alphonsi
886 3450 929 3510 JJ.
955 3433 1254 3522 Neapolitanorum
1279 3434 1379 3525 Regis
1404 3433 1502 3519 tilia,
1540 3438 1575 3503 bt
1613 3433 1727 3499 Bonae
1764 3425 1924 3527 Polonias

591 3549 740 3640 Reginae
766 3571 898 3636 mater,
922 3573 1024 3642 quam
1048 3575 1091 3621 ex
1114 3555 1242 3624 Ioanne
1273 3554 1428 3626 Galeatio
1454 3554 1563 3624 Maria
1594 3549 1721 3622 Ssortia
1760 3567 1924 3633 suscepe-

590 3686 777 3756 rat‚·quae
804 3692 880 3740 cum
906 3691 1035 3742 teneret
1062 3677 1097 3774 in
1118 3695 1182 3748 sua
1204 3675 1333 3744 ditione
1357 3672 1443 3744 Barii
1473 3673 1645 3748 orcarum
1680 3670 1714 3738 bt
1748 3661 1930 3750 Rossanis

589 3805 630 3858 ut
656 3791 773 3878 aium,
800 3792 1049 3881 Principum,
1074 3817 1132 3863 eas
1157 3792 1388 3877 calamitates,
1411 3812 1495 3882 quas
1531 3813 1550 3860 a
1585 3785 1724 3876 perfidia
1756 3781 1922 3877 ludovici

586 3906 734 3980 Ssorriae
758 3913 789 3975 bt
815 3911 989 3984 Gallorum
1015 3931 1214 4002 receperat,
1237 3911 1349 3984 leuare
1372 3925 1549 3998 potuerat.
1574 3905 1731 4002 Hospitio
1764 3898 1921 3992 magnili-

587 4029 783 4100 centissimo
810 4051 951 4122 accepta
977 4058 997 4104 a
1020 4035 1133 4104 leone
1169 4029 1233 4103 fuit
1270 4025 1470 4114 (habitavit
1506 4045 1620 4102 autern
1653 4025 1688 4099 in
1721 4023 1825 4094 domo
1850 4015 1922 4092 Cibi

586 4147 795 4226 Cardinalis.
821 4173 908 4242 quae
933 4151 1031 4242 plena
1063 4151 1241 4244 dignitatis
1264 4151 1369 4240 erat)
1392 4166 1611 4226 occurrerunt
1649 4145 1679 4214 ei
1704 4141 1775 4214 bini
1800 4137 1922 4210 Cardi-

589 4267 713 4346 nales,
739 4288 917 4361 actumque
944 4267 1010 4339 suit
1041 4270 1082 4340 de
1108 4267 1242 4342 obviam
1283 4289 1419 4358 quoqne
1444 4268 1506 4356 ipsi
1549 4264 1727 4338 mittendis
1755 4259 1920 4360 primeriis

588 4387 774 4470 matronis,
802 4407 839 4460 ut
866 4390 911 4460 ait
939 4389 1101 4459 crassius
1121 4440 1132 4471 ‚
1155 4388 1191 4458 t’tt
1213 4382 1372 4471 currito·
1396 4384 1547 4459 correttis
1576 4381 1625 4471 lad
1660 4403 1799 4472 pontem
1834 4379 1921 4449 nit·-

588 4509 682 4588 vium
708 4530 842 4603 usque.
866 4509 926 4588 Per
949 4507 1042 4588 illam
1076 4507 1282 4598 dextetam,
1305 4527 1408 4606 quam
1429 4503 1583 4602 hospites
1615 4499 1921 4670 hospitibus⁸glars
1945 4513 1948 4518 ·
