4386 5838
646 598 712 687 148
1029 595 1057 667 I.
1103 597 1132 670 t
1180 593 1213 664 O
1260 595 1292 666 tt
1338 596 1354 664 t
1402 594 1424 664 S
1495 589 1536 664 X.

589 739 666 789 turn
690 715 842 788 virorum
867 715 909 788 ab
934 713 975 788 iis
1000 715 1230 808 eligendorum
1249 769 1259 801 ,
1276 719 1330 809 qni
1348 714 1638 806 quadragesimum
1662 735 1787 784 annum
1811 709 1926 802 exple·

592 838 753 918 vissent,
779 837 976 920 consilium,
1002 841 1035 906 sc
1059 858 1161 924 penes
1188 836 1275 919 hos,
1301 843 1332 905 ὃ(
1359 837 1536 926 sexaginta
1560 834 1737 927 quinque,
1759 855 1844 924 quos
1861 853 1927 900 no.-

499 998 501 1004 .
590 957 817 1042 miravimus,
842 979 883 1026 ea
908 974 1060 1045 potestas
1086 975 1203 1040 esset,
1235 982 1334 1047 quam
1360 979 1460 1026 antea
1485 975 1598 1028 cetera
1633 952 1796 1039 consilia,
1835 971 1924 1043 quae

594 1092 688 1158 Lxx.
714 1082 747 1146 δι
775 1094 809 1146 c.
835 1078 867 1142 δι
894 1075 1010 1166 Populi
1036 1077 1287 1147 &Communis
1314 1077 1546 1157 dicebantur,
1580 1078 1794 1152 habuerantr
1819 1077 1924 1162 utque

593 1197 841 1286 prospiceretur
866 1221 1003 1290 quoque
1029 1197 1186 1287 populo,
1211 1197 1370 1268 restituto
1396 1197 1538 1269 consilio
1572 1214 1611 1268 Μ.
1644 1196 1699 1266 vel
1725 1211 1788 1264 nc.
1823 1191 1935 1264 vir0·'

593 1339 689 1399 rum,
729 1317 787 1407 qui
818 1317 963 1388 minores
1000 1319 1215 1410 magistratus
1255 1323 1288 1389 δι
1324 1342 1465 1389 munera
1505 1317 1727 1388 mandarent.
1771 1309 1927 1383 Providit

583 1435 716 1536 ¹etiam,
740 1431 783 1504 ne
807 1435 843 1505 hi
869 1437 1027 1529 majorem
1052 1437 1300 1508 libertatem&
1339 1429 1538 1514 licentiam.
1578 1460 1678 1528 quam
1716 1432 1927 1525 aequitas&

596 1553 766 1642 publicum
789 1557 916 1628 bonum
939 1575 1159 1645 paterentur,
1200 1557 1387 1644 baberent,
1426 1557 1572 1648 dumque
1613 1553 1803 1626 inculcabat
1842 1555 1929 1622 Pon·

596 1670 700 1754 elici,
725 1692 855 1745 utnon
885 1677 986 1746 modo
1011 1677 1044 1746 in
1070 1699 1229 1766 praesens
1269 1695 1425 1774 tempus,
1459 1677 1519 1748 sed
1557 1675 1660 1746 etiam
1701 1672 1737 1741 iu
1776 1671 1929 1742 futurum

559 1833 563 1844 ·
594 1791 799 1880 prospiceret
827 1795 978 1883 patriae,
1005 1798 1145 1888 ejusque
1170 1797 1331 1870 decus&
1354 1795 1555 1887 dignitatem
1581 1793 1783 1874 sustineret,
1804 1791 1930 1862 fortas·

594 1933 632 1982 se
655 1913 868 2000 praevidebat
894 1915 994 2001 fore,
1020 1937 1059 1987 ut
1084 1918 1155 2010 eius
1181 1938 1385 2009 suorumque
1411 1915 1604 1985 constantia
1630 1936 1669 1986 ac
1695 1910 1837 1982 fidelitas
1863 1910 1931 1979 de·

592 2031 823 2158 ¹sideraretut.
848 2037 913 2108 Ubi
938 2039 1028 2109 enirn
1060 2037 1247 2129 imperandi
1271 2037 1376 2110 libido
1408 2035 1633 2116 dominatur,
1672 2031 1819 2104 libertati
1855 2028 1930 2100 leve

595 2157 798 2248 praesidium
822 2176 897 2230 est.
923 2161 993 2230 Nec
1018 2161 1129 2230 minus
1156 2159 1259 2230 horno
1285 2156 1566 2246 prudentissimus
1591 2153 1798 2246 intelligebat
1823 2150 1932 2242 dege·

595 2294 734 2348 nerasse
759 2278 890 2351 adeoa
924 2279 1067 2369 pristina
1101 2277 1231 2349 virtute
1266 2275 1481 2348 Florentinos
1512 2299 1625 2358 suos,
1663 2292 1701 2346 ut
1726 2267 1929 2361 Respublica

591 2375 671 2468 'eum
695 2411 785 2468 stare
810 2421 881 2486 eo,
914 2422 983 2492 quo
1024 2386 1207 2489 coeperat,
1246 2416 1341 2468 statu
1380 2394 1516 2466 minime
1549 2394 1736 2486 potuisset.
1779 2388 1931 2481 Speciem

593 2531 712 2614 tamen
737 2517 882 2610 aliquam
914 2517 1015 2609 quasi
1050 2517 1284 2590 reviviscentis
1309 2515 1521 2608 Reipublicae
1547 2539 1582 2586 se
1609 2513 1822 2586 adumbrasse
1856 2509 1932 2602 glo·

592 2621 704 2706 'riatur
724 2655 802 2720 est,
825 2635 960 2710 rnin'une
985 2637 1131 2711 fortasse
1166 2639 1348 2729 desperans
1374 2625 1448 2708 fore
1472 2653 1626 2726 tempora
1649 2633 1820 2723 propitia,
1855 2651 1935 2702 cum

594 2751 652 2824 alii
676 2755 907 2842 interiissent,
931 2755 991 2828 alii
1012 2757 1195 2844 abessent,
1221 2757 1279 2830 alii
1302 2759 1423 2830 mutati
1446 2757 1625 2832 voluntate
1651 2769 1793 2834 essent,
1815 2767 1854 2820 ut
1880 2747 1936 2818 ei-

596 2871 688 2944 vitas
712 2893 862 2950 veterem
885 2875 1025 2968 gloriam
1050 2877 1312 2969 libertatemque
1345 2895 1589 2967 recuperaret.
1612 2877 1698 2948 Saue
1722 2870 1805 2966 quid
1829 2885 1937 2960 opta·

554 2999 561 3013 '
597 2991 699 3066 bilius
724 2996 767 3070 ad
790 2995 1076 3072 immortalitatem
1102 2998 1248 3070 nominis
1271 2999 1441 3090 potuisset
1480 2996 1589 3070 Leoni
1627 2993 1801 3078 accidere,
1834 3013 1936 3082 quanr

594 3111 628 3184 si
649 3115 758 3189 Patris
781 3137 919 3192 secutus
944 3118 1136 3210 exemplum
1160 3119 1203 3191 de
1227 3118 1340 3208 patria
1371 3117 1419 3188 ita
1443 3117 1653 3199 laborasset,
1678 3133 1744 3196 ut,
1766 3109 1860 3183 nulla
1884 3107 1935 3182 sui

596 3254 806 3330 suorumque
830 3231 1131 3338 habitatatione,
1157 3240 1270 3332 aequis
1285 3239 1343 3312 illa
1362 3237 1509 3310 floreret
1527 3235 1678 3330 legibus,
1700 3237 1738 3306 δι
1763 3233 1937 3304 immernor

599 3358 859 3446 praeteritarum
882 3359 1080 3454 injuriarum
1105 3351 1176 3430 uon
1196 3360 1238 3430 ab
1264 3358 1484 3449 amplitudine
1509 3356 1713 3452 potestatis,
1735 3353 1796 3426 sed
1822 3375 1842 3424 a
1866 3373 1938 3424 uto·

599 3471 777 3550 deratione
802 3477 907 3548 animi
931 3477 1074 3570 gloriam
1101 3479 1330 3571 quaesiisset?

699 3597 753 3668 Ob
778 3615 920 3670 mortem
945 3597 1060 3670 fratris
1091 3597 1152 3668 lilii
1194 3597 1374 3671 consulere
1411 3622 1548 3693 quoque
1583 3599 1701 3672 debuit
1735 3600 1805 3668 Leo
1837 3593 1936 3666 rebus

599 3715 847 3798 Urbinatium,
869 3720 903 3786 dr
927 3717 1008 3808 quia
1032 3715 1135 3786 timor
1160 3736 1254 3802 erat,
1279 3743 1321 3791 ne
1345 3721 1381 3791 hi
1407 3722 1522 3792 studio
1548 3720 1584 3790 in
1618 3718 1834 3789 Franciscum
1856 3715 1937 3784 Ma·

598 3837 683 3934 riam
708 3834 893 3921 Feltriurn,
927 3819 1020 3928 quod
1045 3859 1219 3928 uunquam
1243 3839 1450 3930 deposuere,
1475 3836 1698 3911 detredlarent
1723 3835 1854 3908 servire
1889 3832 1934 3903 fi·
1984 3925 1985 3929 Ἰ

600 3953 730 4042 liobe,
756 3979 857 4048 quam
880 3956 1084 4030 Laurentius
1109 3957 1315 4050 reliquerat,
1341 3983 1534 4052 quanquam
1559 3955 1613 4053 jus
1635 3953 1841 4028 succedendi
1881 3949 1934 4054 fe·

543 4127 545 4130 -
599 4075 696 4184 prinis
719 4097 853 4168 quoque
879 4097 1089 4150 reservatum
1113 4078 1253 4165 fuisset,
1280 4075 1676 4166 restituitAposrolicae
1700 4076 1777 4147 Sedi
1802 4093 1936 4164 posses

598 4195 731 4288 sionem
755 4213 828 4268 turn
853 4195 940 4266 illius
964 4197 1134 4276 ditionis,
1163 4219 1234 4270 tum
1261 4201 1392 4272 urbium
1419 4200 1549 4274 Pisauri
1574 4205 1608 4271 δι
1631 4193 1842 4287 Senogalliae
1858 4245 1882 4281 ,.
1906 4195 1938 4260 dr

603 4337 673 4407 quo
700 4314 832 4390 facilius
858 4314 979 4405 populi
1004 4315 1038 4386 in
1064 4317 1175 4402 officio
1203 4321 1483 4402 continerentur,
1520 4319 1654 4389 moenia
1691 4337 1763 4386 tum
1786 4313 1941 4400 sUrbini,

600 4451 675 4538 putu
698 4433 845 4512 alierum
865 4435 1020 4510 locorum
1044 4439 1250 4514 munitortuu
1274 4439 1348 4512 sole
1373 4440 1510 4533 aequari
1525 4437 1662 4533 ¹jussit.
1697 4413 1853 4530 l’epercit
1874 4451 1936 4518 taff
