4472 5828
570 688 667 756 ⁴34
1007 659 1509 738 LEONlSX.

571 787 659 856 luit.
684 785 791 880 liujus
815 783 937 860 honori
962 783 1082 858 mirum
1108 783 1143 858 in
1168 787 1304 860 modurn
1338 785 1426 862 savit
1450 789 1594 860 loannes
1619 787 1664 858 ob
1694 783 1901 880 perspedltst

569 909 697 1000 jamdiu
722 910 884 980 virtutem
910 910 942 978 dt
967 905 1090 978 lidetn.
1114 907 1179 978 Sed
1203 907 1263 979 vix
1287 911 1358 1003 ejus
1378 909 1510 999 imperii
1544 907 1703 1000 splendor
1738 908 1813 979 orbi
1850 928 1906 979 ca·

571 1017 702 1098 {bolico
731 1027 850 1112 luxit,
880 1049 956 1097 cum
980 1025 1152 1098 extindlus
1175 1045 1248 1098 est.
1272 1030 1356 1098 Nam
1387 1027 1555 1118 vigesimo
1578 1045 1676 1100 sexto
1702 1029 1778 1116 die,
1804 1047 1906 1119 post·

568 1171 669 1240 quam
694 1141 856 1218 Pontifex
881 1147 988 1240 ladius
1015 1148 1146 1231 suerat,
1171 1165 1241 1218 xv.
1264 1145 1337 1218 Kal.
1362 1147 1569 1219 Novembres
1595 1171 1649 1218 atr.
1674 1165 1784 1224 ttom·
1811 1166 1907 1220 aete·

569 1285 603 1336 te
628 1267 826 1358 provectus,
852 1271 886 1338 δι
911 1266 1037 1337 morbis
1063 1261 1205 1338 afflidlus
1231 1270 1325 1340 vitae
1348 1293 1485 1341 cursum
1509 1265 1687 1360 explevit.
1714 1266 1831 1338 Dilata
1849 1291 1908 1339 oo*

568 1389 667 1460 mitia
693 1399 801 1478 usque
826 1409 867 1458 eo
894 1385 1053 1474 suerunt,
1077 1391 1156 1460 dum
1181 1389 1309 1460 Ursinii
1333 1411 1376 1460 ex
1400 1391 1507 1471 urbe,
1531 1390 1589 1460 ubi
1622 1386 1774 1459 deledus
1798 1385 1923 1460 milio.

569 1519 640 1577 turn
662 1509 862 1596 habebant,
888 1510 1147 1597 egrederentur.
1172 1509 1297 1581 Verum
1318 1532 1394 1581 curn
1419 1511 1573 1582 omnium
1597 1507 1691 1580 oculi
1729 1507 1764 1578 ln
1799 1527 1906 1578 unum

566 1627 733 1701 lulianum
750 1633 961 1716 Roboreum,
972 1631 1144 1702 hominem
1161 1626 1338 1701 florentem
1358 1631 1501 1722 opibus,
1518 1631 1706 1700 honoribus
1718 1682 1737 1716 ,,
1750 1628 1911 1720 ingenio,

567 1748 686 1819 amicis
712 1752 878 1843 &gratia
903 1750 1046 1846 eonjedli
1071 1771 1207 1850 essent,
1230 1753 1289 1823 vix
1315 1751 1489 1840 impetrari
1516 1751 1655 1840 potuit,
1680 1769 1719 1823 ut
1744 1749 1909 1822 Cardine·

464 1868 470 1875 ”
562 1853 615 1935 les
630 1865 807 1941 conclavia
822 1869 1097 1962 ingrederentur,
1113 1873 1317 1966 eodemque,
1336 1893 1407 1965 quo
1428 1871 1572 1966 ingressi
1588 1889 1688 1956 suut,
1709 1869 1765 1942 die
1794 1871 1905 1958 ipsum

566 1985 766 2058 Pontificem
791 1991 1057 2062 renunciatum.
1090 1995 1168 2064 Erat
1194 1993 1226 2063 ei
1262 1993 1415 2062 maximis
1453 1990 1717 2082 propinquitatis
1754 1985 1903 2059 vinculis

569 2106 769 2199 oonjundlus
784 2103 802 2192 (
814 2128 891 2179 nam
915 2133 957 2180 ex
980 2133 1098 2182 sorore
1118 2132 1218 2184 natus
1244 2117 1346 2204 erat)
1370 2111 1552 2184 Galeottus
1572 2107 1812 2189 Franciotttrs‚
1836 2108 1901 2178 bo·

565 2225 675 2296 nitate
700 2229 939 2321 suavitateque
960 2253 1115 2318 morum,
1152 2232 1358 2321 praestantia
1392 2232 1541 2324 ingenii,
1577 2229 1686 2302 forma
1723 2227 1902 2318 corporis,

566 2345 650 2422 flore
676 2347 822 2432 aetatis,
846 2354 880 2422 δι
904 2351 998 2423 vitae
1021 2351 1200 2442 splendore
1237 2351 1610 2436 commendatissimas,
1645 2374 1745 2442 quem
1785 2348 1903 2418 statim

492 2463 496 2472 '
565 2460 602 2534 in
624 2466 859 2542 Cardinalittm
875 2471 1056 2567 collegium
1076 2471 1278 2564 cooptavit,
1303 2470 1667 2556 vice-cancellarium,
1688 2487 1726 2538 ut
1751 2483 1901 2549 vocant.

565 2587 659 2678 quod
685 2613 808 2679 munus
837 2595 987 2665 omniurn
1015 2593 1267 2684 *amplissimum
1287 2595 1468 2682 putabatur
1503 2599 1535 2665 or
1564 2611 1661 2678 erat,
1690 2586 1912 2694 declaravit,-

565 2709 600 2778 &
626 2709 803 2782 ditissimis
829 2713 925 2785 auxit
951 2713 1177 2786 sacerdotiis.
1202 2719 1288 2787 Cum
1313 2716 1379 2784 hoc
1401 2713 1617 2785 ardlissimam
1641 2706 1753 2803 junxit
1779 2706 1900 2776 antici·

564 2825 648 2898 tiam
673 2831 835 2918 loannes,
861 2850 988 2925 perque
1012 2856 1089 2904 eum
1128 2833 1246 2906 faciles
1283 2835 1325 2906 ad
1358 2833 1573 2918 Pontificem,
1610 2831 1669 2922 qui
1708 2851 1790 2898 sane
1826 2843 1900 2898 erat

564 2944 759 3020 difficillima
786 2969 940 3033 natura,
976 2953 1089 3024 aditus
1120 2976 1250 3043 semper
1277 2953 1428 3041 habuit,
1462 2977 1625 3044 suamque
1664 2949 1898 3021 attdloritatetn

552 3071 599 3138 δι
628 3091 754 3142 nomen
777 3070 1019 3162 amplificavit.
1040 3049 1114 3144 ¹Nec
1135 3072 1292 3155 deluere,
1318 3073 1377 3162 qui
1395 3073 1596 3144 affirmarent
1613 3071 1811 3158 Galeotturn
1826 3067 1901 3158 pol-

562 3181 697 3259 licitum
721 3189 769 3261 illi
794 3192 903 3264 fuisse
925 3215 1064 3284 operam
1089 3215 1184 3266 susm
1210 3193 1252 3264 ad
1277 3193 1517 3264 Pontificatum
1540 3189 1722 3262 maximum
1742 3189 1901 3260 obtinen-

563 3305 665 3395 dum,
690 3313 783 3401 quod
809 3336 880 3384 non
904 3316 964 3386 diu
989 3312 1159 3394 vidlurum
1192 3315 1331 3386 rebatur
1365 3311 1571 3384 avunculum
1602 3329 1717 3382 aetate
1744 3307 1903 3398 decrepi-

562 3441 657 3515 tum,
682 3432 843 3523 quodque
868 3455 945 3504 enm
969 3457 1045 3504 esse
1068 3451 1194 3507 statum
1224 3433 1432 3526 reipublicae
1458 3433 1651 3507 catholicae
1674 3431 1835 3524 putabat,
1860 3443 1901 3498 ut

564 3547 909 3640 indigeret'redlore‚
937 3553 1066 3646 inquo
1090 3579 1160 3629 non
1184 3554 1297 3626 solum
1335 3553 1508 3656 virtutisq
1538 3553 1598 3624 sed
1637 3553 1740 3626 etiam
1778 3547 1903 3622 aetatis

561 3665 668 3739 robur
692 3694 802 3746 esset.
828 3655 892 3746 Sed
916 3699 985 3746 una
1008 3679 1093 3749 lrora
1117 3695 1346 3767 praestantem
1368 3653 1616 3767 florentemque
1640 3672 1813 3744 fortunam
1835 3673 1904 3740 Ga·

512 3790 517 3798 '
556 3783 662 3876 leotti
684 3793 838 3884 eripuit3
861 3814 1004 3866 mortem
1029 3797 1120 3869 enim
1153 3819 1226 3868 uno
1247 3803 1280 3868 δι
1311 3795 1488 3892 trigesimo
1514 3819 1603 3866 armo
1632 3793 1767 3863 obivit.
1802 3793 1904 3883 Quat

559 3909 722 3984 morienti
744 3913 857 3984 officia
881 3891 1034 4006 persolvi
1058 3935 1267 4008 potuerunt,
1293 3919 1428 3991 abunde
1453 3915 1626 4006 praestitit
1648 3919 1813 3999 baanes,
1835 3911 1902 3981 lle-

561 4040 600 4098 tu
624 4031 696 4121 eius
723 4035 853 4123 sunus,
880 4039 917 4110 in
942 4051 1014 4132 quo
1038 4037 1189 4111 Thomas
1206 4039 1377 4112 Phaedrus
1406 4039 1630 4132 lnghiramius
1666 4033 1898 4112 laudationem

433 4197 436 4210 ·
543 4143 711 4235 lhabuit,x
728 4155 931 4245 decoravit,
956 4164 989 4232 dr
1013 4161 1139 4232 infixus
1164 4163 1247 4233 adeo
1272 4159 1520 4232 haesit'animo
1547 4155 1648 4231 dolor
1669 4152 1793 4240 (nulla
1811 4156 1902 4230 enim

557 4287 712 4357 unquam
736 4271 842 4358 maior
867 4275 933 4343 fult
956 4279 1148 4351 studiorum
1171 4307 1211 4351 ac
1236 4305 1368 4353 morum
1403 4281 1555 4351 societas
1594 4297 1696 4368 atque
1731 4270 1899 4344 similitu·
1998 4274 2001 4282 ’

562 4385 635 4470 ὅθ)
658 4403 696 4455 ῢΐ
721 4389 1002 4474 temperarem
1026 4423 1045 4470 a
1069 4399 1229 4484 lacrymis
1251 4404 1393 4473 minime
1414 4419 1556 4490 posset,
1587 4399 1727 4490 quoties
1762 4396 1898 4464 animae

560 4503 777 4582 ducissam
799 4505 1006 4585 mentionem
1030 4507 1198 4586 faciebat.
1217 4523 1307 4587 Cum
1327 4519 1416 4606 hoo,
1440 4519 1580 4591 biennio
1608 4537 1794 4610 antequem
1815 4535 1894 4583 w·
