4386 5838
610 616 677 676 tao
996 607 1023 675 L
1072 607 1099 676 E
1150 606 1182 674 O
1230 607 1259 676 N
1308 607 1322 674 l
1372 603 1394 674 S
1466 596 1506 669 X.
1663 695 1664 698 Ἴ

553 743 596 798 ve
620 726 704 796 adeo
728 721 832 795 fuerit
869 722 1073 812 reipublicae
1101 747 1222 796 caussa
1248 725 1360 794 animo
1385 721 1550 794 inclusum
1578 715 1831 790 misericordiae
1858 715 1889 781 bc

552 847 772 918 humanitatis
799 867 934 915 sensum
961 846 1150 933 deponere,
1177 844 1330 937 nihilque
1355 843 1471 912 mitius
1499 841 1569 914 fieri
1590 841 1742 930 potuisse
1757 841 1892 910 Leone.

557 969 673 1057 Neque
699 964 805 1036 multo
831 985 908 1056 post
944 984 1015 1039 xlt-
1041 965 1115 1034 Kal.
1138 967 1305 1047 Sextiles,
1323 967 1479 1036 omnibus
1505 961 1694 1034 honoribus
1721 965 1754 1032 dc
1779 982 1896 1030 sacer-

557 1087 660 1157 dotiis
686 1087 783 1159 binos
806 1085 881 1156 illos
908 1087 1106 1157 Cardinales
1131 1093 1164 1159 ὃι
1191 1087 1340 1158 Rittium
1366 1086 1511 1174 privavit
1526 1124 1545 1154 .·
1560 1086 1636 1175 Qua
1666 1083 1707 1152 de
1733 1107 1769 1154 re
1808 1083 1894 1152 haec

561 1227 677 1304 trarrat
702 1211 886 1294 crassius,
914 1212 1009 1302 cujus
1036 1209 1231 1280 testimonio
1258 1205 1439 1297 plurimum
1462 1205 1676 1277 tribuendum
1714 1223 1897 1294 putamus:

563 1315 800 1412 Concistort'una
825 1330 1047 1402 nocturnas
1070 1327 1112 1399 ab
1138 1329 1220 1400 lzora
1244 1343 1298 1397 xl.
1318 1305 1428 1422 'usque
1452 1328 1498 1397 ad
1520 1341 1632 1396 Χκιν.
1656 1344 1724 1398 tum
1758 1343 1896 1423 propter

564 1447 729 1520 ledlionem
750 1473 951 1544 processus,
974 1471 1071 1546 qaam
1092 1466 1232 1545 propter
1259 1447 1418 1520 clamares
1442 1444 1475 1521 ὁ
1500 1451 1591 1521 rixas
1616 1449 1653 1520 in
1691 1447 1895 1518 Concistorr'o

566 1570 721 1643 liabitas:
747 1595 823 1646 narn
847 1590 925 1643 sunt
947 1570 989 1642 ab
1011 1573 1196 1643 extrinseco
1220 1569 1368 1642 exauditi
1391 1568 1550 1642 clamores
1575 1571 1679 1640 mutui
1700 1569 1898 1666 praesertim

567 1695 689 1789 Papae
705 1711 828 1772 contra
852 1691 981 1788 aliquos
999 1693 1218 1786 ‚Cardinalea
1244 1689 1277 1764 δ’
1305 1693 1529 1765 Cardinalr'arn
1553 1709 1669 1764 contra
1708 1689 1902 1762 cardinales

568 1812 601 1886 dr
625 1829 741 1891 contra
767 1813 918 1906 Papam.
948 1815 1141 1888 cardinales
1160 1831 1357 1910 praesentes
1366 1817 1552 1910 privationi
1570 1815 1712 1908 ficerunt
1735 1827 1805 1882 xta
1823 1833 1902 1882 nara

569 1953 638 2004 non
660 1932 775 2027 plnres
797 1950 893 2004 erant
915 1935 950 2004 in
994 1935 1099 2008 Urbe.
1126 1936 1252 2008 Petras
1276 1935 1424 2009 Bendas
1449 1936 1531 2032 legit
1554 1937 1775 2010 sententiam.
1803 1937 1906 2005 llor-

573 2054 618 2122 tis
645 2076 777 2144 genus,
802 2076 871 2144 quo
898 2055 1072 2144 perierunt
1095 2055 1318 2128 Vercellensis
1345 2062 1378 2128 bt
1401 2058 1636 2130 Procolntesta
1659 2055 1796 2150 quidam
1837 2057 1909 2124 Ba·

574 2173 841 2264 gnacavallensis
867 2197 909 2242 ert
934 2175 1128 2246 domesticis
1154 2198 1256 2270 atque
1293 2177 1421 2250 intimis
1459 2177 1677 2249 familiaribus
1713 2174 1908 2259 Petruccii,

581 2295 832 2366 acerbissimum
858 2295 949 2382 suit3
975 2321 1052 2372 nam
1088 2300 1126 2369 in
1164 2298 1276 2372 frusta
1314 2299 1477 2388 discerpti
1515 2298 1681 2370 fuerunt:
1716 2296 1911 2370 Petruccius
1959 2346 1966 2358 ·

580 2437 664 2488 vero
678 2461 691 2497 ‚
714 2415 744 2486 si
767 2417 863 2488 Iovio
889 2420 1078 2508 credimus,
1103 2423 1144 2493 ab
1170 2421 1337 2513 Aethiope
1363 2421 1509 2514 quodam
1534 2421 1568 2492 in
1594 2441 1730 2492 carcere
1753 2437 1912 2509 strangu·

582 2537 674 2610 latus
698 2557 751 2610 est
775 2539 880 2630 (50).
905 2537 1018 2612 Saulio
1042 2542 1146 2614 vitam
1171 2543 1363 2634 impetravit
1387 2543 1582 2615 Franciscus
1618 2539 1749 2622 Cibus,
1773 2537 1855 2624 cui,
1876 2555 1917 2608 ut

587 2657 666 2730 alibi
691 2661 923 2746 narravimus,
948 2679 1057 2752 nupta
1081 2683 1154 2734 erat
1179 2664 1302 2735 Leonis
1339 2685 1459 2748 soror,
1491 2663 1524 2730 bc
1557 2659 1712 2756 quamvis
1751 2677 1919 2750 perpetuo

581 2781 712 2851 ‘carceri
736 2781 914 2854 damnatus
940 2781 1070 2869 fuerit,
1093 2799 1216 2876 magna
1240 2804 1354 2858 tamen
1378 2785 1416 2858 vi
1440 2784 1571 2876 argenti
1595 2781 1731 2866 soluta,
1751 2803 1821 2850 non
1846 2801 1922 2850 mo·

589 2901 634 2972 do
658 2899 833 2988 libertati,
858 2903 917 2974 sed
941 2903 1043 2972 etiam
1079 2906 1223 2994 pristino
1246 2907 1372 2978 honori
1396 2907 1546 2978 redditus
1571 2903 1661 2980 suit.
1685 2904 1731 2972 At
1765 2924 1837 2973 non
1860 2900 1920 2971 diu

588 3021 699 3094 vixit:
725 3039 868 3094 mortem
892 3023 983 3094 enirn
1007 3025 1116 3096 obivit
1138 3027 1266 3097 Romae
1291 3043 1374 3100 xtv.
1399 3025 1630 3118 nalnpriles
1655 3047 1708 3096 an.
1748 3037 1920 3096 mvltvm.

591 3140 728 3234 fuitque
751 3143 904 3232 suspicio
928 3143 1022 3216 lento
1047 3169 1181 3218 veneno
1206 3167 1445 3236 consumptum
1471 3145 1601 3218 fuisse.
1643 3145 1752 3218 Variis
1787 3141 1924 3237 judiciis

592 3261 677 3334 haec
702 3283 841 3352 accepta
866 3265 1031 3336 fuerunt.
1052 3269 1157 3338 Erant
1181 3267 1294 3352 enim,
1319 3265 1379 3359 qui
1404 3268 1551 3340 dicerent
1569 3268 1807 3362 ,gravissimas
1847 3285 1929 3369 poe·

597 3404 658 3454 nas
683 3383 828 3471 pendere
853 3405 913 3454 eos
938 3383 1058 3456 debete
1082 3386 1325 3475 Reipublicae,
1360 3389 1419 3478 qui
1452 3389 1564 3460 laesae
1597 3387 1782 3482 majestatis
1818 3383 1932 3454 crimi-

599 3499 653 3569 nis
684 3499 734 3572 rei
753 3499 900 3596 convicii
925 3501 1094 3590 fuissent3
1119 3507 1250 3601 ajebant
1269 3507 1323 3578 alii
1348 3531 1493 3598 poenam
1519 3509 1593 3579 sine
1616 3505 1876 3597 provocatione,
1899 3527 1939 3574 a·

600 3617 909 3694 nimadversionem
931 3623 1003 3694 sine
1028 3623 1156 3697 auxilio
1181 3628 1324 3717 cuipiam
1365 3629 1438 3699 dari
1471 3651 1541 3700 non
1572 3645 1749 3717 oporteret
1769 3622 1831 3694 alii
1856 3646 1937 3694 con·

581 3735 677 3834 'fida
712 3737 816 3810 fnisse
841 3742 1006 3824 crimina,
1039 3761 1079 3814 ut
1110 3746 1255 3835 pecunia
1291 3746 1327 3817 in
1357 3751 1514 3839 'sumptus
1542 3748 1621 3820 belli
1651 3744 1862 3837 iniquissima
1885 3759 1937 3812 ta·

601 3856 703 3946 tione¹
722 3877 924 3948 pararetur.
959 3863 1055 3932 Hanc
1091 3885 1193 3964 porro
1223 3865 1457 3956 suspicionem
1493 3866 1585 3940 tollit
1612 3855 1758 3957 dignitas
1790 3849 1936 3946 Leonis,

605 3977 716 4068 quisi
741 3978 874 4066 timuit,
906 4005 949 4053 ne
976 3984 1050 4076 quis
1080 4003 1192 4055 motus
1216 3985 1426 4060 excitaretur
1451 4011 1472 4059 a
1495 3989 1692 4078 punitorum
1714 3979 1935 4066 necessariis,

606 4095 691 4186 adeo
706 4159 707 4162 ,
720 4116 759 4170 ut
782 4101 929 4192 stipatus
949 4101 1175 4186 satellitibus,
1197 4104 1278 4178 dum
1303 4106 1326 4177 ii
1352 4105 1389 4177 in
1410 4103 1558 4179 vinculis
1599 4105 1863 4185 detinebantur,
1901 4095 1938 4170 in

592 4215 807 4292 .Vaticanam
824 4221 1003 4296 Basilicam
1020 4224 1084 4296 die
1108 4225 1161 4294 SS.
1186 4223 1363 4314 Apostolis
1386 4229 1487 4297 Petro
1514 4227 1547 4290 bt
1567 4223 1684 4295 Paullo
1712 4243 1809 4294 sacro
1829 4241 1942 4290 vene-

609 4337 681 4422 tit,
704 4338 988 4414 confidentissime
1018 4362 1131 4418 tamen
1155 4348 1318 4418 affirmare
1337 4345 1477 4438 potuit,
1497 4369 1534 4417 se
1550 4345 1585 4415 in
1608 4343 1667 4415 illo
1683 4335 1828 4436 judicio,
1850 4335 1943 4430 quod

611 4475 723 4568 toturn
743 4459 896 4552 reposuit
922 4463 958 4535 in
987 4460 1132 4540 aliorum
1161 4465 1351 4557 sententia,
1378 4459 1748 4542 tantumhumt'nitatis
1770 4457 1947 4533 adhibuis-

1840 4599 1899 4660 se,
