4372 5842
612 606 678 720 rei
995 637 1389 724 trour‘s
1461 653 1506 720 x.-

548 765 629 836 siae
654 768 860 858 Episcopum·
882 770 1081 842 amicissime
1108 772 1278 860 amplexus
1304 795 1373 857 est,
1400 779 1431 844 δι
1457 771 1639 864 insignibus
1664 770 1760 844 donis
1788 769 1897 840 dona·

557 889 634 971 vit,
662 912 738 957 cum
764 892 795 960 ei
820 891 998 964 obtulisset
1023 897 1192 964 Graecum
1228 891 1372 964 libellum
1395 891 1437 962 de
1463 890 1636 981 sapienter
1651 891 1802 983 degenda
1826 891 1898 960 vita

558 1032 578 1076 a
604 1033 639 1078 se
664 1010 905 1082 concinnatum
930 1036 973 1084 ex
990 1011 1141 1086 diversis
1168 1012 1362 1086 sudoribus
1387 1033 1460 1084 tum
1483 1037 1607 1103 prosa,
1634 1032 1706 1084 turn
1732 1012 1895 1107 carmine.

560 1126 687 1198 nudor
714 1129 780 1200 fuit
804 1133 1029 1217 Salviato,·&
1054 1136 1234 1225 Ridolphio
1260 1131 1530 1216 Cardinalibus,
1576 1145 1614 1206 ut
1638 1133 1730 1204 domi
1765 1133 1894 1204 alerent

560 1251 733 1330 Graecos,
748 1263 892 1342 quorum
919 1255 1115 1345 cognita&
1141 1257 1284 1346 probata
1308 1273 1397 1326 esset
1422 1253 1578 1326 dnelrina
1596 1241 1652 1334 ,e¹
1668 1235 1791 1347 quibtis
1829 1276 1894 1322 nu·
1922 1319 1935 1340 ‚

560 1391 732 1448 merantur
771 1373 937 1464 Georgius
963 1374 1143 1456 talsano,
1166 1377 1359 1448 Matthaeus
1388 1375 1533 1476 Avarius
1554 1380 1812 1471 ‚Corcyraeus,
1859 1377 1895 1446 dt

498 1571 501 1578 Ι
561 1493 812 1566 Constantinus
838 1495 1143 1588 quidam,nomine
1179 1494 1409 1566 tantummodo
1449 1496 1530 1565 mihi
1570 1497 1730 1586 cognitus
1768 1495 1916 1567 homo..

562 1616 695 1694 Porro,
717 1617 829 1705 Leone
855 1617 1040 1700 Pontifice,
1065 1591 1218 1690 Athenas
1242 1618 1332 1708 ipsas
1356 1637 1433 1687 cum
1449 1615 1519 1686 suls
1537 1617 1691 1686 omnibus
1716 1639 1894 1686 ornamen-

516 1729 520 1736 ’
563 1733 609 1806 tis
635 1739 774 1806 Romam
807 1739 1042 1828 commigrasse
1064 1737 1226 1822 dixisses,
1267 1741 1302 1807 er
1338 1734 1474 1826 quidem
1514 1735 1638 1823 passim
1671 1719 1897 1806 audiebantur

561 1858 693 1925 Graece
712 1854 890 1947 loquentes
914 1854 1187 1947 disserentesque
1208 1907 1219 1938 ,
1244 1878 1313 1928 non
1340 1879 1382 1926 ex
1407 1853 1464 1925 illa
1499 1857 1601 1926 modo
1641 1855 1804 1935 natione,
1840 1854 1899 1926 sed

557 1973 664 2045 etiarn
691 1997 732 2043 ex
752 1977 988 2059 nostratibus,
1014 1999 1159 2066 quorum
1177 1973 1359 2046 nonnullos
1385 1979 1452 2046 Leo
1479 1975 1627 2068 adhibuit
1653 1974 1695 2044 ad
1720 1971 1900 2042 instituen-

564 2092 627 2162 dos
652 2097 802 2180 Graecos
827 2094 1058 2170 adolescentes
1079 2112 1200 2187 ,quos
1244 2097 1280 2166 in
1318 2095 1492 2188 Quirinali
1533 2111 1820 2185 congregaverat.
1847 2095 1898 2162 Ex

565 2211 618 2285 his
640 2215 822 2284 nominabo
846 2215 1059 2290 Benedidum
1084 2215 1309 2304 Lampridium
1324 2219 1605 2299 Cremonensem,
1622 2213 1733 2283 virum
1756 2232 1839 2280 sane
1864 2234 1897 2280 e·

563 2330 733 2430 legantem
759 2334 989 2417 indicendo,
1017 2339 1052 2408 in
1076 2312 1302 2408 existimando
1328 2331 1506 2404 admodum
1531 2332 1754 2426 prudentem,
1786 2331 1898 2426 cujus·

550 2475 658 2552 ¹que,
684 2475 723 2524 ut
747 2454 859 2526 Arsilii
883 2456 1082 2528 testimonio
1110 2473 1214 2541 utar,
1619 2465 1620 2468 ’

760 2721 914 2795 Carmina
939 2719 1092 2792 Romano
1117 2735 1244 2791 tontum
1263 2719 1422 2815 placuere
1450 2723 1598 2792 Tonanti
1615 2739 1641 2810 ,·

809 2921 876 2996 ms
902 2918 995 2990 nullo
1020 2935 1058 2988 ut
1081 2919 1186 2990 nostri
1211 2919 1366 3014 temporis
1390 2941 1496 3016 aequa
1519 2935 1640 3014 putet.

459 3226 460 3230 =
521 3191 523 3194 ’
563 3185 768 3266 {somnium
794 3183 940 3258 sortasse
975 3184 1100 3274 primus
1126 3207 1229 3256 ausus
1254 3205 1305 3258 est
1330 3183 1509 3256 Pindarum
1542 3181 1722 3266 aemulari,
1740 3161 1917 3271 aideoqtte'

562 3304 747 3376 excellebat
767 3305 802 3406 in
825 3304 938 3376 verbis
964 3309 996 3372 br
1022 3301 1183 3394 eligendis
1209 3311 1242 3374 bt
1259 3301 1493 3390 ,collocandis,
1510 3309 1543 3376 δι
1569 3323 1749 3374 numerose
1771 3300 1901 3374 devia«.

496 3447 501 3456 ·
564 3424 722 3506 ciendis,
750 3445 852 3516 atque
878 3425 912 3494 in
937 3422 1165 3496 illuminandis
1191 3423 1392 3507 sententiis,
1408 3443 1445 3493 ut
1470 3423 1666 3496 Latinorum
1691 3441 1893 3512 poetarum,

565 3545 718 3634 quitum
746 3565 843 3615 erant
868 3542 1027 3634 plurimi,
1052 3544 1226 3616 videretur
1252 3567 1325 3614 esse
1348 3541 1434 3616 velle
1459 3543 1614 3634 princeps
1630 3591 1639 3613 .
1657 3542 1781 3622 Adde,
1795 3539 1899 3631 quod.

503 3755 507 3760 .
565 3683 630 3732 trec
656 3663 864 3732 continentia
887 3715 896 3749 ,
921 3687 983 3734 nec
1008 3665 1132 3753 pictate
1160 3714 1170 3747 ,
1196 3686 1259 3732 nec
1286 3661 1355 3733 ullo
1380 3685 1500 3754 genere
1525 3661 1665 3736 uirtutis
1691 3682 1893 3756 quemquam

567 3783 716 3874 ejusdem
741 3784 862 3856 aetatis
887 3782 936 3855 illi
959 3783 1235 3872 anteponendum
1266 3802 1350 3874 puto
1376 3832 1385 3850 .
1411 3783 1528 3876 Neque
1561 3783 1798 3874 praetereundi
1813 3797 1895 3852 sunt

565 3903 776 3976 Pisaurensis
801 3903 1015 4001 Philomusus
1040 3951 1051 3986 ,
1075 3909 1109 3975 br
1134 3902 1282 3994 Raphael
1306 3901 1564 3988 Brandolinina,
1588 3927 1674 3995 quos
1699 3904 1791 3976 domi
1816 3905 1895 3974 Leo¹
1987 3881 1991 3892 ¹

566 4024 707 4112 alebat,
732 4047 942 4117 quorumque
965 4019 1185 4094 institutione
1207 4021 1305 4094 multi
1330 4022 1459 4094 nobiles
1486 4045 1624 4094 evasere
1650 4043 1772 4127 poetae
1787 4072 1796 4091 .
1810 4025 1902 4104 Orus

564 4166 624 4216 nes
649 4147 954 4229 commemorat,&
979 4142 1034 4215 vel
1059 4165 1139 4226 eos,
1154 4141 1223 4235 ,qui
1247 4143 1321 4214 ausi
1348 4141 1531 4234 aliquando
1557 4159 1637 4214 sunt
1662 4162 1791 4214 stantes
1816 4165 1896 4214 ver·

565 4287 622 4334 sus
650 4265 791 4336 fundere
818 4315 829 4346 ,
868 4262 1054 4352 Gyraldius
1079 4263 1170 4353 ipse,
1196 4269 1365 4357 &‚quem
1391 4263 1668 4349 nominavimus,
1692 4262 1894 4334 Franciscus

567 4380 709 4450 Arsilius
732 4365 996 4473 senogalliensis
1021 4383 1056 4454 in
1081 4383 1229 4454 carmine
1256 4435 1266 4470 ,
1292 4383 1384 4476 qnod
1410 4402 1462 4453 est
1485 4386 1520 4453 in
1545 4381 1701 4453 manibus
1717 4431 1728 4466 ,
1743 4379 1784 4453 de
1800 4401 1893 4475 poe-

568 4525 584 4571 ;.
599 4559 645 4575 .
679 4503 767 4575 51:3⁵
796 4526 873 4592 ,ex
897 4524 968 4598 quo
993 4525 1063 4580 uno
1088 4500 1259 4606 intelliges
1285 4501 1483 4580 innumeros
1509 4525 1595 4598 pene
1614 4497 1794 4588 extitisse,
1831 4499 1894 4596 qui
