4372 5842
727 675 757 740 V
850 670 867 741 t
911 655 996 742 ΨΤ
1092 673 1124 744 Α
1483 693 1551 760 aar

267 786 403 882 plures,
427 815 466 866 ae
491 791 689 885 praesertim
712 793 895 888 juniores)
917 798 951 868 dt
975 794 1098 868 cohors
1127 789 1219 865 illius
1247 791 1358 866 omnis
1391 793 1476 866 benc
1502 809 1601 866 acces
1689 848 1690 851 ,

261 913 319 1002 pti
342 932 480 1000 essent,
506 916 720 1009 hilariterque
744 919 924 989 viverent.
947 917 1035 988 Turn
1059 915 1101 988 ab
1125 912 1295 986 hilaritate
1319 914 1458 1007 risuque
1483 913 1604 985 tradu-

267 1055 346 1108 cere
363 1037 414 1108 ad
434 1037 651 1109 severitatem
675 1036 852 1110 videbatur
879 1039 1055 1117 animum,
1087 1059 1164 1108 curo
1201 1035 1305 1128 quis,
1338 1053 1465 1108 temere
1499 1034 1602 1106 editis

268 1155 416 1227 uocibus
429 1205 441 1236 ,
467 1158 682 1230 occasionem
712 1155 792 1228 feris
817 1157 965 1228 dedisset
989 1159 1120 1229 vitandi
1146 1159 1311 1245 insidiae,
1333 1155 1384 1226 ita
1418 1175 1457 1226 ut
1491 1151 1603 1226 cinos

268 1293 370 1366 saepe
394 1276 488 1348 uiros
510 1279 576 1348 hac
601 1279 645 1349 de'
666 1283 786 1350 caussa
811 1276 1034 1349 acerbissimis
1058 1275 1270 1350 contumeliis
1297 1275 1515 1358 oneraverits
1536 1272 1607 1372 disq

269 1394 428 1467 simulare
451 1421 537 1468 vero
562 1398 654 1469 haud
679 1417 813 1487 poterat
835 1398 988 1470 dolorem
1012 1421 1112 1468 suurn
1127 1449 1137 1482 ,
1155 1419 1230 1468 cum
1257 1379 1311 1468 uel
1327 1417 1434 1476 casu,
1462 1394 1517 1468 rel
1541 1395 1605 1468 h·-
1693 1479 1696 1486 ,

269 1516 399 1588 minum
425 1519 593 1607 imperitia
624 1522 763 1593 uenatio
788 1519 899 1590 minus
925 1509 1071 1591 feliciter
1095 1518 1316 1610 procedebat.
1340 1519 1458 1610 Quare
1484 1515 1528 1597 ii,
1545 1511 1607 1606 qui

270 1637 467 1710 mollissima
492 1637 588 1711 fandi
612 1643 646 1711 u
677 1640 814 1729 petendi
839 1637 965 1742 aliquid
1004 1657 1157 1729 tempora
1189 1657 1330 1729 captare
1366 1635 1543 1716 sciebant,
1567 1657 1606 1708 re
1675 1669 1679 1676 ·

267 1758 357 1832 bene
376 1764 409 1832 dt
435 1757 579 1832 feliciter
602 1777 723 1852 gesta,
749 1758 833 1831 nihil
856 1778 928 1830 non·
954 1759 995 1832 ab
1020 1759 1093 1854 ejus
1117 1761 1326 1834 humanitate
1349 1757 1415 1830 sibi
1452 1753 1607 1846 polliceri

270 1897 450 1969 poterant,
477 1899 598 1952 contra
623 1903 706 1952 vero
730 1879 866 1951 molesti
889 1878 939 1952 illi
964 1903 1049 1952 sane
1073 1881 1357 1953 intervertissent.
1389 1877 1496 1972 Quod
1519 1861 1627 1950 nale

274 2017 492 2084 secerneret,
518 2024 606 2092 quae
626 2001 668 2072 ab
683 2001 859 2072 oculorum
873 2005 1125 2072 sensu'remota
1146 2017 1269 2085 erant,
1293 1999 1441 2071 adhibite
1466 1995 1608 2085 crystal-

272 2115 333 2204 lo,
365 2120 469 2190 aciem
491 2119 541 2190 sic
566 2123 708 2194 acuebat
733 2121 769 2192 in
795 2120 1028 2210 venationibus
1054 2121 1087 2190 dt
1112 2118 1291 2208 aucupiis,
1315 2138 1353 2190 nt
1379 2119 1517 2190 cunnos
1543 2141 1608 2188 an·

271 2237 355 2310 teire
377 2237 573 2312 videretur.
599 2242 712 2332 Atque
736 2241 781 2310 de
804 2239 869 2312 boc
892 2236 1160 2312 obledlationum
1195 2261 1318 2331 genere
1356 2238 1441 2310 satis
1483 2235 1610 2306 dilium

273 2358 359 2438 erit,
383 2357 411 2429 si
435 2357 503 2430 hoc
530 2381 633 2430 unum
659 2358 851 2440 addidero,
886 2357 990 2430 fuisse
1024 2381 1155 2449 semper
1194 2360 1277 2434 illud
1312 2357 1614 2430 studiuosissimunt

168 2517 174 2526 ·
272 2477 407 2571 populis
434 2480 501 2568 iis,
527 2479 569 2552 ad
596 2503 682 2572 quos
708 2479 850 2552 adibat.
873 2483 951 2553 bino
975 2484 1066 2553 enirn
1089 2499 1143 2554 est
1174 2479 1330 2552 credibile
1368 2499 1511 2570 quantas
1537 2475 1614 2546 lar-

271 2599 419 2690 gitiones
444 2598 600 2689 faceret,
624 2625 701 2672 curn
725 2626 762 2674 se
789 2601 832 2673 ad
855 2600 947 2673 illurn
973 2621 1120 2692 agrestes
1148 2605 1181 2669 dr
1206 2600 1367 2688 oppidani
1391 2622 1466 2670 cum
1492 2597 1611 2687 conjn-

273 2717 428 2811 gibus&
453 2719 566 2792 liberis
598 2723 809 2794 effunderent
830 2777 840 2807 ,
864 2721 917 2793 vel
942 2740 981 2791 ut
1006 2744 1103 2810 opem
1128 2725 1162 2790 δι
1188 2719 1350 2800 auxilium
1374 2717 1612 2806 implorarent,

274 2834 329 2910 vel
351 2857 390 2910 ut
412 2861 553 2912 munera
578 2841 707 2912 rustica
732 2844 915 2913 offerrent.
940 2843 1043 2912 Porto
1081 2863 1167 2932 quos
1198 2839 1295 2912 multi
1334 2857 1470 2926 propter
1502 2837 1612 2911 anim

275 2959 565 3049 importunitatem
590 2960 733 3046 andire,
760 2959 885 3052 alloqui
910 2968 943 3034 e<
968 2961 1138 3050 respicere
1162 2959 1374 3036 noluissent,
1399 2959 1471 3046 ipse
1494 2957 1614 3058 siugu-

273 3075 338 3151 lari
362 3077 574 3153 humanitate
594 3079 875 3172 comperiebatur
896 3129 906 3164 ,
931 3083 975 3150 de
1007 3077 1142 3152 illorum
1178 3097 1290 3162 statu,
1329 3075 1614 3167 occupationibus

270 3199 805 3292 ufarmunnodedun,
831 3198 1136 3274 &liberaliterac
1171 3197 1326 3270 munifice
1362 3198 1543 3276 donabat,
1582 3195 1614 3268 ai

275 3321 343 3392 hoc
365 3341 438 3394 non
460 3320 625 3409 inertiae,
644 3321 710 3396 sed
730 3322 875 3416 egestati
905 3325 938 3389 dc
971 3321 1157 3394 industriae
1191 3342 1233 3391 se
1269 3316 1457 3390 concedere
1487 3314 1614 3386 existi·
1677 3311 1682 3319 ’

276 3461 429 3517 messet-
1138 3493 1143 3497 -
1729 3537 1734 3548 ι

293 3595 296 3601 ·
373 3565 515 3638 Mhtirne
534 3585 722 3656 temporum
738 3563 882 3638 oblitum
904 3549 1048 3637 hortem
1064 3562 1219 3653 putabis,
1244 3561 1325 3633 dutn
1347 3558 1486 3638 liberam
1503 3569 1620 3648 quarn·

272 3683 355 3756 dem
381 3683 485 3755 animi
506 3678 768 3758 oblenlaiionern
794 3685 849 3756 vel
870 3687 909 3756 in
934 3684 1082 3768 litteris,
1107 3682 1163 3754 vel
1188 3684 1223 3753 in
1244 3679 1483 3754 venationibus
1504 3679 1615 3772 quae·

276 3805 390 3876 rebat.
412 3805 511 3878 hlisit
536 3808 580 3878 ad
603 3810 764 3878 Senatum
789 3803 1079 3879 Mediolanensem
1104 3802 1263 3873 Latiarum
1284 3799 1501 3883 iuvenalem,
1520 3799 1616 3890 cujus
1665 3797 1667 3802 ’

278 3919 356 3995 fidei
394 3919 496 4017 atque
529 3927 724 4017 prudentiae
750 3927 786 3996 in
824 3925 938 4017 primis
977 3923 1192 4006 confidebat,
1214 3943 1255 3994 ut
1274 3922 1370 3993 illum
1394 3921 1616 4004 hortaretur,

278 4065 322 4114 ne
348 4045 564 4118 contraheret
588 4069 627 4116 ac
645 4047 840 4116 demitteret
866 4047 1040 4124 animum,
1065 4067 1175 4136 neque
1200 4037 1452 4130 laborimenoe
1464 4036 1616 4126 periodo

277 4183 453 4253 parceret,
483 4183 522 4234 ut
541 4153 740 4259 excuteret,
762 4185 841 4234 cum
880 4185 916 4234 se
954 4163 1133 4234 oberrabat
1162 4163 1319 4246 ooeasio,
1344 4156 1468 4230 servile
1501 4156 1617 4248 imon

279 4281 478 4356 Gallorum.
511 4283 599 4377 Quia
622 4283 755 4353 minime
779 4281 910 4354 latebat
931 4301 1005 4354 esee
1031 4285 1067 4352 in
1092 4280 1255 4371 Hispania
1279 4281 1484 4370 Episcopus,
1509 4284 1542 4350 δι
1566 4299 1622 4350 re·

281 4423 354 4475 runt
378 4402 570 4476 divinarum
593 4403 801 4495 magisrros,
826 4404 884 4495 qui
909 4425 1031 4494 magna
1055 4403 1238 4474 mouebant
1265 4402 1429 4474 mersus
1456 4396 1617 4472 Carultm
1676 4463 1678 4466 .

283 4541 325 4598 v.
348 4543 531 4623 postquam
550 4524 582 4600 is
604 4545 647 4599 ex
670 4524 729 4598 illn
753 4539 857 4622 reguo
881 4525 1109 4612 discesserat,
1132 4541 1171 4596 uc
1194 4522 1341 4595 Romani
1357 4571 1363 4582 ·
1382 4520 1510 4614 irnpctii
1539 4540 1614 4612 gu·
