4386 5838
704 701 734 764 V
828 703 843 770 1
942 701 972 770 Τ
1056 669 1100 768 'a
1217 787 1226 796 .
1428 731 1431 739 v
1475 689 1566 787 'riq

379 815 564 888 Acerbiora
590 841 670 892 sane
696 818 847 908 perpessi
873 837 950 888 sunt
975 820 1170 892 Petruccius
1191 823 1222 889 δι
1246 797 1460 900 Sauli'us,'in
1486 820 1609 909 quibus

284 934 428 1006 maxime
452 937 612 1006 haerebat
636 938 879 1031 conjurationis
907 938 1057 1009 crimen.
1082 940 1203 1008 Mirum
1226 963 1330 1030 porro
1353 939 1456 1008 videri
1496 937 1610 1007 debuit

284 1079 320 1125 se
345 1054 553 1146 implicuisse
577 1055 727 1126 Saulium
753 1059 922 1128 erroribus
959 1059 1147 1146 Pettuccii‚
1187 1085 1285 1152 quem
1319 1057 1478 1130 Pontifex
1517 1055 1612 1126 nullo

284 1199 356 1246 non
380 1155 552 1247 beneficio
568 1195 710 1267 propter
733 1177 935 1248 suavitatem
958 1204 1110 1264 morum,
1137 1184 1169 1248 δι
1192 1183 1286 1252 vitae
1312 1181 1513 1271 elegantiam
1553 1176 1620 1252 afa.

286 1293 433 1366 fecerat.
459 1297 544 1364 Cutn
571 1295 629 1368 illo
655 1317 728 1368 erat
753 1301 820 1368 Leo
847 1300 980 1388 quoties
1006 1297 1415 1386 obleclationem'animi,
1448 1299 1615 1388 requiem·

286 1439 353 1507 que
378 1437 535 1485 curatum
560 1416 771 1508 quaerebat,
798 1419 895 1511 eique
929 1443 965 1492 se
999 1421 1184 1515 obligatum
1217 1421 1383 1513 putabat,
1419 1418 1510 1509 quod
1544 1419 1616 1510 ejus

285 1535 444 1625 suffragio
471 1561 509 1606 ac
533 1537 647 1610 studio
675 1539 917 1630 amplissimum
943 1542 1172 1613 sacerdotium
1214 1541 1353 1632 adeptus
1380 1540 1513 1610 suerat.
1554 1535 1618 1635 Sed

284 1655 442 1744 superbia
465 1677 547 1728 nata
571 1681 613 1728 ex
637 1660 708 1750 ejus
735 1658 905 1748 fortunis,
931 1683 1007 1732 curn
1032 1663 1134 1734 animi
1169 1663 1307 1736 levitate
1342 1655 1523 1754 conjuncla
1547 1676 1617 1726 tam

285 1773 377 1846 altas
397 1777 432 1848 in
455 1799 497 1848 eo
520 1780 589 1871 egit
613 1779 771 1861 radices,
795 1797 859 1868 ut,
883 1801 971 1854 teste
996 1785 1165 1870 Grassi0‚
1187 1783 1328 1854 alterum
1354 1805 1390 1850 se
1415 1801 1488 1848 esse
1523 1779 1616 1860 Pon·

285 1895 409 1966 tilicem
434 1918 594 1988 putaret,
618 1901 940 1994 indignareturque,
975 1900 1004 1972 si
1028 1905 1167 1988 omnia,
1192 1924 1281 1994 quae
1303 1899 1520 1972 immoderate
1537 1919 1621 1966 con·
1722 1976 1724 1982 ¹

286 2019 498 2106 cupiscebat,
527 2044 598 2092 non
623 2041 881 2112 assequeretur.
906 2021 1099 2114 Aegetrime
1134 2020 1211 2090 tulit
1238 2023 1273 2091 in
1303 2020 1466 2110 petitione
1498 2038 1617 2085 sater-

285 2137 375 2208 dotii
398 2139 620 2212 Massiliensis
642 2141 707 2212 sibi
731 2140 918 2232 praelatum
944 2139 1051 2212 fuisse
1075 2139 1196 2212 lulium
1221 2139 1437 2224 Mediceum,
1470 2141 1503 2206 δι
1527 2136 1617 2204 hanc

285 2257 454 2348 repulsam
479 2283 516 2332 se
540 2263 674 2336 minime
699 2263 810 2334 animo
837 2263 1072 2352 depositurum
1092 2282 1210 2349 parurn
1235 2256 1389 2329 fidelibus
1413 2257 1530 2329 amicis
1555 2257 1620 2328 de-

288 2377 456 2451 claravit.
483 2383 605 2465 Amens
630 2385 746 2477 itaque
763 2384 995 2474 deperditus,
1021 2403 1107 2474 quae
1133 2402 1192 2468 per
1217 2401 1253 2448 se
1279 2378 1389 2450 facete
1411 2377 1545 2449 minime
1563 2401 1623 2478 au·

216 2507 224 2520 '
287 2522 346 2570 sus
373 2499 519 2588 fuisset,
546 2502 697 2594 cogitata
723 2529 742 2574 a
766 2504 944 2576 Petruccio
968 2501 1154 2592 probavit,
1180 2523 1310 2592 suaque
1334 2498 1479 2591 pecunia
1516 2499 1624 2592 juvit,⁸

287 2620 473 2714 Utriusque
497 2623 669 2714 perfidiam
691 2610 904 2696 manifestam
930 2623 1083 2696 fecerunt
1108 2623 1257 2706 indicia,
1279 2621 1432 2711 scripta,
1472 2619 1504 2685 &
1540 2603 1624 2688 con·

268 2737 454 2816 ¹sessiones
478 2741 725 2816 Vercellensis.
748 2744 945 2816 Petruecius
971 2742 1041 2832 ipse
1066 2741 1255 2812 nominavit
1279 2737 1500 2824 Cardinales,
1527 2722 1623 2831 'quos

282 2863 411 2957 dignos
448 2881 630 2956 putaverat
663 2861 719 2936 vel
743 2865 788 2934 ob
815 2862 994 2935 alienatum
1020 2859 1227 2963 animum-a
1264 2857 1448 2948 Pontifice,
1486 2857 1540 2930 vel
1557 2901 1560 2906 ·
1579 2859 1624 2930 ob

290 3002 461 3072 speratam
484 2982 605 3056 summi
628 2983 852 3054 Pontificatus
872 2983 1070 3076 dignitatem
1092 2981 1148 3054 sui
1165 2959 1303 3054 '‘consilii
1326 3003 1401 3052 esse
1424 2977 1623 3069 participes.
1724 3060 1729 3068 Ι

291 3103 384 3174 Dum
408 3122 492 3176 vero
510 3103 720 3176 habebantur
745 3105 989 3196 quaestiones,
1013 3125 1114 3194 saepe
1148 3103 1425 3176 commovebatur
1451 3099 1559 3186 adeo,
1585 3116 1625 3168 ut
1717 3119 1723 3125 ·

291 3221 441 3296 insanire
466 3245 506 3294 ac
529 3221 641 3296 furere
664 3222 854 3310 videretur,
888 3247 988 3296 omne
1012 3223 1262 3297 malediciorum
1296 3244 1404 3316 genus
1439 3243 1554 3310 aspere
1592 3219 1626 3286 it

291 3341 454 3416 ferociter
479 3343 516 3414 iu
542 3341 691 3416 Leonem
715 3343 919 3416 conferens.
944 3345 1079 3420 Saulius
1103 3368 1216 3420 autem
1230 3336 1343 3432 ,cum
1366 3343 1409 3416 ad
1441 3365 1518 3414 eum
1542 3357 1629 3414 ven·

293 3479 368 3536 tum
401 3463 546 3555 primum
570 3482 649 3552 est,
673 3465 830 3550 erubuit,
855 3463 1047 3556 expalluit,
1072 3468 1266 3554 titubavit,
1297 3467 1532 3538 inconstanter
1569 3461 1627 3532 lo·

292 3599 396 3654 tutus
429 3603 481 3656 est
508 3632 519 3666 ,
553 3591 587 3656 δι
612 3583 680 3657 alia
701 3586 797 3678 signa
821 3583 1053 3658 conscientiae
1078 3610 1117 3658 ac
1141 3585 1275 3660 timoris
1300 3582 1483 3676 patefecit.
1508 3585 1561 3653 De
1573 3582 1627 3652 his

295 3703 397 3775 rebus
434 3703 504 3775 Leo
528 3727 592 3796 per
624 3705 759 3778 litteras
792 3707 954 3780 certiores
994 3703 1074 3778 fecit
1116 3705 1348 3798 Hispanorum
1382 3713 1416 3780 δι
1452 3703 1631 3777 Gallorum

296 3821 430 3914 Reges,
451 3823 559 3918 iisque
582 3827 800 3915 probationes
826 3829 916 3918 ipsas
943 3825 1068 3898 tentati
1093 3828 1240 3898 criminis
1265 3829 1379 3920 misit.
1420 3826 1485 3898 Die
1517 3843 1633 3896 autern

296 3939 388 4014 festo
414 3943 658 4031 pentecostes,
699 3964 880 4040 antequam
917 3970 1050 4020 sacrum
1068 3947 1232 4048 solemne
1273 3964 1516 4040 perageretur,
1552 3963 1629 4014 curn

298 4063 390 4152 apud
418 4085 457 4135 se
480 4087 705 4140 convocasset
729 4067 957 4154 Cardinales,
992 4065 1035 4140 iis
1061 4068 1219 4156 exposuit
1243 4086 1375 4159 quanto
1399 4085 1559 4136 moerere
1574 4061 1634 4134 af-

272 4179 408 4266 ⁴seclus
429 4205 543 4264 esset.
578 4185 672 4276 quod
703 4187 767 4258 sibi
801 4186 987 4269 necessitas
1024 4185 1256 4276 imponeretur
1290 4183 1454 4275 puniendi·
1487 4197 1575 4269 eos,
1612 4205 1636 4257 a

300 4302 422 4394 quibus
446 4300 608 4375 beneficia
633 4323 829 4392 acceperat,
855 4305 1016 4398 quodque
1044 4326 1098 4378 res
1122 4305 1202 4394 ipsa·
1218 4304 1432 4378 severitatem
1453 4301 1537 4373 adeo
1562 4299 1632 4373 fla·

298 4423 447 4514 gitaret,
471 4441 510 4492 ut
533 4419 648 4492 nullus
673 4440 763 4494 esset
786 4421 917 4496 lenitati
941 4421 1061 4498 locus.
1085 4426 1174 4494 Cum
1193 4425 1488 4510 ,dieentemhaec
1517 4421 1634 4496 oculis

297 4537 551 4618 lacrimantibus
574 4539 725 4632 vidisset
744 4525 927 4632 crassius,
952 4543 998 4622 ait
1012 4562 1049 4620 se
1063 4544 1232 4622 neminem
1255 4541 1394 4622 notiise
1408 4595 1420 4636 ,
1436 4546 1501 4619 tui
1525 4543 1635 4640 giers
