4372 5842
690 645 723 712 V
820 651 834 719 l
930 658 965 726 T
1058 657 1088 724 Ἀ
1432 681 1502 748 207

231 792 307 852 vae,
328 792 411 860 quas
436 767 478 839 ad
503 768 705 860 Episcopum
730 767 935 843 Ouetensem
961 775 1071 862 dedit,
1098 797 1137 848 ut
1153 782 1352 852 Franciscus
1367 779 1554 864 Peaulose,
1633 833 1642 850 ι

233 914 300 981 quo
324 891 359 959 iu
386 891 486 960 sacris
516 894 550 962 δι
585 889 867 976 caerimoniarum
909 893 1100 968 celebritate
1126 899 1356 980 familiariter,
1396 904 1556 991 &prope

117 997 122 1005 ⁵
232 1009 397 1102 quotidie'
410 1007 588 1089 utebatur,
613 1011 897 1085 Archidiacouatu
912 1017 1077 1091 Ecclesiae
1095 1021 1302 1112 Hispalensis
1318 1021 1556 1094 decoraretur.
1592 1071 1595 1079 -

233 1131 313 1200 Erat
336 1130 362 1198 is
388 1151 523 1221 quoque
548 1130 686 1200 natione
712 1131 901 1223 Hispanus,
928 1142 961 1206 δι
986 1138 1155 1226 Hispanos
1180 1161 1334 1216 cantores
1366 1145 1561 1234 plerumque

235 1249 436 1322 adhibebant
452 1249 595 1320 Romani
612 1249 817 1336 Pontifices,
842 1255 900 1324 sed
917 1259 984 1326 Leo
999 1262 1222 1356 undequaque
1235 1265 1451 1351 peritissimos
1472 1286 1559 1336 0011.

236 1371 386 1463 quirebat
410 1370 528 1462 (118).
556 1379 588 1443 δι
614 1375 695 1466 quia
719 1394 791 1443 urm
813 1377 948 1446 minime
971 1383 1061 1470 apud
1086 1382 1189 1454 italos
1216 1407 1292 1454 tuos
1308 1398 1381 1456 etat
1406 1382 1557 1454 evitandi

232 1497 290 1586 qui
316 1515 437 1580 acuta,
460 1493 627 1566 blandiori
651 1500 683 1564 bc
710 1493 911 1566 flexibiliori
937 1521 1019 1570 voce
1054 1504 1229 1576 concinere
1266 1505 1432 1575 debebant
1457 1527 1498 1573 eo
1523 1504 1559 1570 irr
1597 1543 1599 1552 ‚

234 1613 376 1702 templo,
413 1614 529 1706 quod,
565 1633 602 1684 ut
641 1616 710 1684 leo
750 1617 820 1706 ipse
847 1617 978 1710 ajebat,
1014 1642 1213 1692 cornruurrem
1246 1625 1345 1694 totins
1370 1622 1458 1693 orbis
1483 1639 1557 1692 ter-

234 1758 345 1806 mrum
361 1739 519 1830 pietatem
544 1733 576 1806 d·
601 1733 757 1806 laetitiam
781 1736 997 1824 continebat,
1023 1740 1086 1810 hos
1124 1767 1166 1814 err
1200 1743 1308 1816 Gallia
1348 1741 1561 1814 arcessivit.

236 1857 432 1926 Advocavit
451 1857 552 1926 etiam
577 1857 750 1927 Florentia
781 1857 1010 1928 Alexandrum
1039 1859 1223 1932 Melliniurn
1249 1884 1267 1932 e
1292 1863 1326 1930 Β.
1350 1865 1395 1932 Μ.
1428 1863 1467 1928 V.
1491 1863 1568 1930 Ser·

238 1999 359 2050 vorum
384 1974 539 2060 familia,
563 1979 657 2070 cujus
683 1978 911 2050 celebrabatur
936 1979 1060 2068 peritia
1083 1979 1117 2048 in
1148 1979 1416 2072 modis-musicis
1439 1980 1569 2052 facien·

239 2098 320 2176 dis,
346 2114 384 2164 nt
407 2116 526 2166 cautus
552 2119 775 2192 numerosque
800 2121 939 2184 eorum,
963 2123 1048 2188 quos
1077 2101 1111 2170 in
1136 2103 1242 2171 sacris
1266 2101 1447 2171 adhibebat
1458 2153 1473 2185 ‚.
1492 2123 1568 2168 uto·

239 2221 436 2290 deraretur.
466 2221 570 2286 Porro
596 2213 642 2286 nil
668 2218 940 2308 ramstuuebar,
965 2244 1065 2311 quam
1086 2239 1129 2292 ut
1165 2219 1298 2290 candae
1338 2221 1571 2292 caerimoniae

240 2361 376 2408 omnem
396 2339 591 2430 dignitatem
619 2339 809 2422 haberent,
834 2339 963 2428 &ipsa
987 2361 1133 2428 pompa,
1159 2343 1192 2410 δι
1217 2339 1396 2410 oculorum
1429 2343 1462 2410 u
1500 2363 1572 2410 au-

241 2464 326 2532 rium
349 2483 453 2529 sensu
476 2458 660 2528 invitarent
684 2458 915 2530 accedentium
942 2461 1070 2533 animos
1096 2461 1137 2532 ad
1166 2459 1273 2553 majus
1308 2457 1469 2552 quiddam
1502 2459 1571 2528 lru·
1598 2499 1602 2506 ·

183 2624 187 2634 ,
242 2602 346 2649 marro
366 2579 647 2670 excogitandum.
682 2582 734 2647 Ex
756 2603 825 2672 quo
848 2579 975 2659 fiebat,
1000 2598 1037 2650 ut
1062 2579 1128 2652 illis
1165 2579 1454 2650 Caerimouiarum
1483 2625 1494 2660 ‚
1533 2592 1578 2647 ut

244 2695 447 2790 loquuntur,
473 2698 642 2788 Magistris
669 2694 850 2785 plurimum
877 2698 1068 2772 tribueret.
1105 2717 1223 2766 cornua
1254 2719 1356 2768 omne
1378 2699 1574 2768 institutum

242 2819 521 2910 voluntatemque
543 2819 711 2888 retinens.
748 2819 855 2890 Aures
892 2837 1021 2921 tamem¹
1044 2817 1182 2892 minime
1221 2821 1375 2910 praebuit
1408 2815 1574 2900 Grassio,

245 2939 310 3031 qui
327 2926 461 3010 omnem
485 2938 669 3008 saevitiam
693 2937 913 3010 adhibendam
938 2941 1094 3010 censebat
1121 2943 1158 3012 in
1181 2939 1576 3029 christophorumMar·

247 3059 366 3130 cellum
391 3061 560 3130 Venerunt
582 3062 615 3128 δι
650 3061 886 3148 Corcyraeum
916 3061 1242 3153 Archiepiscopunr‚
1268 3061 1403 3132 idcirco
1419 3059 1503 3150 quia
1522 3078 1577 3124 an.

246 3194 387 3256 nortw-
412 3180 566 3251 Veneriis
592 3178 819 3269 vulgaverat,
844 3185 878 3252 δι
900 3177 1055 3251 Pontifici
1073 3179 1140 3270 ipsi
1159 3199 1422 3270 nuncupaverat
1436 3177 1588 3248 Kartum.

247 3295 579 3384 ecclesiasticorum,
602 3301 678 3372 sive
700 3323 868 3372 sacrorum
895 3301 1172 3374 caerimoniarum
1195 3299 1254 3368 SS.
1273 3297 1577 3372 Romanaeuccte·

246 3421 323 3494 siue·
340 3419 443 3493 noros
468 3439 536 3494 tres
558 3443 633 3492 non·
653 3437 751 3492 autea
776 3423 977 3514 impressos.
1001 3420 1150 3490 Rebatur
1175 3421 1272 3490 euim
1291 3421 1403 3490 bomo
1431 3417 1486 3488 ille
1525 3440 1582 3488 ar·

247 3565 350 3614 canos
376 3541 542 3635 ejusmodi
567 3539 740 3610 Ecclesiae
761 3540 846 3609 ritus
872 3563 942 3611 non
966 3562 1042 3610 esse
1065 3539 1269 3611 emittendos
1303 3542 1344 3610 in·
1363 3537 1508 3630 vulgus,
1542 3543 1587 3610 bt

247 3683 344 3746 eum,
364 3665 422 3755 qui
435 3665 628 3744 emisisset,
653 3682 750 3732 reum
773 3682 853 3730 esse
870 3659 1427 3752 violatae.-Poutificiaezmajestatis
1443 3657 1480 3744 (ι
1493 3659 1551 3752 r9)
1566 3710 1583 3726 ..

247 3781 292 3849 At
317 3783 421 3854 Leoni
446 3785 480 3854 id
504 3781 683 3868 sam‘lum,
707 3801 892 3872 augustum
913 3781 1157 3873 &religiosum
1177 3777 1588 3868 essavideuammquon

168 3971 171 3979 A
245 3922 337 3972 more
363 3903 597 3996 institutoque.
617 3904 785 3996 majorum
806 3902 927 3986 fiebat,
953 3924 1072 3994 neque·
1098 3899 1336 3974 occultandum
1360 3919 1459 3982 esse,
1485 3894 1578 3987 quod

246 4020 499 4108 sapientiorum
518 4022 694 4092 homimum
720 4022 873 4114 cogitata
893 4025 985 4095 ratio
1005 4025 1202 4105 invenerat.
1219 4025 1268 4102 Eja-
1291 4041 1430 4109 propter
1451 4036 1587 4088 morem.

247 4141 386 4212 renuant
410 4140 656 4223 benedicendi,
679 4157 719 4210 ut
745 4142 868 4234 ajunt,
890 4147 1005 4234 Agnos
1037 4144 1119 4225 Dei,
1156 4162 1274 4216 rosam.
1293 4159 1448 4221 auream,
1481 4156 1586 4205 ensem

133 4339 137 4346 p
248 4263 285 4330 δι’
318 4262 455 4350 pileos,
488 4263 613 4353 quibus
650 4262 689 4332 ab
729 4283 771 4332 eo
804 4263 1021 4339 donabantur:
1054 4259 1181 4338 summi·
1209 4261 1352 4348 Reges,
1393 4253 1588 4342 summique

249 4379 415 4469 Ptincipes
440 4378 569 4476 (rao).
596 4386 702 4453 Porro
727 4381 780 4453 nil
800 4401 869 4450 raas
895 4381 1202 4472 cupiebat‚·quauu
1220 4401 1341 4456 eorum·
1362 4377 1490 4450 servire
1513 4379 1589 4446 're--

246 4497 379 4590 baboni,
406 4521 619 4596 rogatusque·
649 4504 694 4576 ab
726 4499 865 4574 Galliae·
881 4501 982 4595 Regu
1012 4497 1053 4578 in,-
1080 4497 1286 4582 Sari-{loram
1317 4498 1431 4576 albium
1462 4497 1571 4571 retuli
