4392 5838
613 680 683 771 284
2012 765 2016 772 .

641 819 708 858 tum
730 792 871 857 Pontifice
893 792 968 866 ibat,
987 807 1057 856 tunt
1078 789 1138 855 ibat
1160 791 1270 858 medius
1289 791 1365 856 inter
1385 792 1457 856 duos
1477 791 1633 877 Episcopos
1654 787 1835 862 cardinales,
1855 803 1889 852 ot
1937 809 1940 814 ·

640 896 716 959 infra
737 885 864 960 dicitur.
884 901 976 960 Addit
996 899 1131 959 Grassius
1152 898 1259 958 Sabato
1280 900 1325 958 die
1346 897 1379 956 X
1384 899 1417 968 V,
1433 895 1598 958 Decembris
1618 899 1726 975 &gem
1747 916 1830 958 marte
1847 897 1891 957 di·

640 1006 768 1064 stersisse
788 1004 922 1064 Bononia
941 1019 955 1076 ,'
972 992 1007 1066 ὸ
1026 997 1157 1063 infinitos
1177 1021 1212 1061 ex
1235 999 1390 1062 Batonibus
1412 1005 1439 1060 dt
1461 999 1605 1064 nobilibus
1626 998 1719 1062 Gallis
1741 1001 1890 1062 ternensis·

636 1125 666 1167 se
687 1127 717 1166 rn
739 1107 808 1166 urbe
830 1122 946 1188 propter
968 1101 1186 1166 confessionalis
1207 1110 1235 1164 lt
1250 1101 1456 1173 confessiones,
1479 1110 1508 1163 lt
1528 1105 1652 1190 gratias,
1673 1109 1701 1164 bt
1722 1103 1778 1166 alia
1795 1103 1892 1166 buius-

638 1211 738 1280 modi,
759 1230 830 1292 quae
853 1231 869 1270 a
889 1207 1032 1270 Pontifite
1055 1209 1225 1276 voluerunt,
1248 1215 1276 1268 bt
1296 1207 1470 1280 habuerunt,
1491 1215 1519 1270 lt
1543 1212 1649 1292 Papam
1671 1209 1747 1270 ultra
1767 1210 1801 1270 Ι..
1821 1210 1891 1270 Poe·

640 1313 842 1383 nitentiarios,
862 1335 934 1400 quos
956 1331 1023 1376 ante
1044 1313 1123 1374 diem
1145 1313 1250 1376 Missae
1272 1333 1337 1374 strae
1357 1312 1389 1372 in
1418 1312 1544 1376 Ecclesia
1573 1315 1601 1373 S.
1628 1311 1759 1374 Petronii
1785 1308 1893 1372 consti·

639 1435 736 1480 tuerat
756 1440 809 1501 pro
831 1419 924 1480 Gallis
946 1416 1139 1490 confitendis,
1159 1419 1246 1480 etiam
1268 1419 1390 1480 totidem
1412 1419 1482 1480 alios
1505 1418 1674 1502 deputasse.
1705 1423 1734 1478 dt
1754 1414 1890 1478 omnibus

638 1523 743 1604 gratias
763 1523 866 1605 petitus
887 1523 1091 1606 benignissime
1112 1524 1264 1607 elargitum
1283 1520 1388 1593 fuisse,
1411 1527 1438 1582 dt
1460 1539 1569 1604 praeter
1591 1519 1645 1584 boe
1666 1521 1755 1582 etiarn
1783 1519 1891 1582 multos

642 1641 731 1707 osque
752 1626 788 1686 ad
809 1627 986 1690 Florentiam
1007 1647 1117 1692 secutos
1138 1649 1220 1694 esse·
1242 1629 1412 1690 Branromur
1432 1629 1523 1690 Hom.
1544 1627 1652 1690 illustr.
1670 1631 1703 1690 P.
1725 1630 1748 1686 1.
1767 1647 1798 1710 p.
1819 1634 1886 1686 aas·

584 1769 586 1774 -
637 1728 767 1804 pluribus
787 1712 903 1806 saporis
924 1737 1024 1794 miram
1048 1735 1149 1796 Leonis
1186 1734 1396 1802 dexteritatem,
1419 1747 1450 1792 ut
1471 1734 1527 1794 sibi
1558 1733 1729 1796 conciliaret
1756 1731 1890 1790 Juvenem

636 1831 747 1909 Regem
780 1836 906 1897 villariis
927 1840 1148 1914 superstantem.
1171 1831 1206 1900 d
1226 1840 1290 1897 alta
1312 1841 1499 1916 spediantem.
1519 1839 1585 1907 Ea.
1604 1857 1678 1915 quae
1688 1836 1832 1913 pertineat
1851 1833 1890 1896 ol

641 1934 839 2000 Florentinum
861 1942 930 2010 iter.
954 1933 990 2003 ὰ
1010 1945 1162 2020 ingressum
1184 1944 1215 2002 in
1236 1941 1353 2013 urbem,
1374 1938 1410 2006 ό·
1430 1944 1549 2004 reditum
1571 1943 1610 2002 ari
1627 1960 1692 2003 eam
1725 1939 1889 2021 Pontificis.

638 2059 689 2100 suo
710 2061 788 2102 more
806 2045 940 2104 Grassius
962 2044 1091 2122 pluribus
1110 2062 1270 2123 persecutus
1291 2063 1356 2107 est·
1375 2049 1422 2108 Ne
1442 2063 1537 2110 autern
1558 2068 1593 2108 eu
1613 2045 1832 2110 exscriberentur
1846 2043 1891 2120 se·

639 2145 678 2204 tit
700 2146 850 2225 diligentia
873 2149 1022 2211 Dominici
1043 2151 1260 2230 Murenae,qui
1280 2152 1464 2214 haecomnia
1485 2145 1542 2222 raon
1561 2153 1645 2214 modo
1672 2154 1803 2231 nauigauit
1823 2151 1894 2211 Flo·

642 2248 748 2309 tentiae
768 2272 815 2310 an.
839 2271 943 2332 1793..
969 2256 1018 2315 sed
1036 2258 1122 2316 etiarn
1142 2259 1352 2319 commentariis
1373 2259 1556 2321 illustrauit.
1590 2257 1728 2334 Georgius
1755 2258 1891 2320 Vestras

640 2351 671 2410 in
692 2355 754 2414 uita
775 2357 907 2420 Andreae
933 2359 1086 2422 Vanurtitii
1108 2379 1208 2424 narrat
1227 2385 1311 2442 quam
1333 2363 1413 2448 effusi
1433 2366 1543 2442 suerint
1566 2367 1725 2428 Ftomnrlm·
1753 2366 1786 2428 t'tt
1812 2365 1895 2428 iutro·

631 2463 720 2520 tando
742 2460 845 2523 Leonis
866 2465 983 2525 introitu
1003 2468 1033 2526 in
1051 2470 1193 2544 patriam,
1215 2491 1336 2552 quosque
1356 2473 1533 2532 adhibuerint
1551 2470 1670 2550 artifices
1691 2473 1722 2530 ir
1742 2472 1782 2531 iis
1803 2489 1891 2550 appa·

638 2565 734 2626 randis
749 2607 758 2633 .
777 2587 853 2644 quae
874 2572 938 2634 rias
955 2592 1010 2650 per
1029 2591 1098 2649 quas
1116 2572 1271 2650 transibat,
1293 2577 1450 2634 ornabant.
1465 2575 1547 2636 Haec
1564 2589 1628 2647 sunt
1641 2573 1716 2644 dille
1731 2574 1889 2650 copiosius,

634 2681 668 2726 ut
686 2671 781 2742 quivis
798 2675 893 2748 possit
912 2697 1061 2754 agnoscere
1080 2693 1185 2754 quanta
1208 2693 1280 2740 esset
1300 2699 1393 2752 eonem
1412 2680 1542 2756 peritia,
1564 2679 1614 2754 qui
1636 2664 1829 2752 principes&
1849 2676 1891 2737 im

631 2788 778 2846 uentores,
800 2781 849 2856 qui
871 2782 989 2860 denique
1010 2785 1181 2845 intentorum
1202 2783 1419 2862 comprobatores
1441 2793 1476 2852 σ·
1497 2780 1603 2842 aemuli
1618 2779 1757 2858 [uerunt.

548 2868 621 2954 (45)
644 2877 739 2956 Quam
757 2885 862 2959 patui,
883 2887 909 2946 si
930 2903 1024 2949 uetera
1044 2911 1104 2954 errrn
1126 2893 1227 2956 nostris
1255 2891 1424 2966 temporibus
1452 2887 1594 2964 conseres.
1626 2889 1763 2950 noanrrlla
1788 2892 1889 2950 uede-

637 2997 732 3042 rentur
750 3006 788 3046 ex
813 2989 894 3050 Titio
914 3010 1081 3069 conspertum
1103 2998 1258 3058 babemus.
1279 2999 1335 3058 Ait
1355 3001 1451 3060 enim:
1473 2995 1614 3060 frumenti
1633 2997 1775 3060 sextarius
1794 3015 1845 3058 sex
1862 3001 1892 3058 t

636 3084 759 3164 siriaci,
785 3096 813 3150 ὃ(
843 3096 1017 3180 quandoque
1049 3101 1168 3185 triginta
1196 3102 1298 3164 solidis
1324 3101 1521 3173 vendebatur,
1550 3103 1734 3186 porcinarum
1760 3101 1892 3164 earnium

633 3201 769 3254 centenae
798 3195 886 3262 librae
922 3222 1032 3285 septem
1054 3207 1237 3270 denariorum
1260 3205 1360 3276 libris,
1381 3203 1447 3266 oeta
1468 3225 1537 3270 teto
1557 3207 1697 3272 senarias
1718 3207 1777 3271 olei
1798 3214 1826 3266 lt
1844 3225 1891 3268 sos

635 3284 702 3348 lidis
723 3293 841 3369 decern.
863 3303 927 3366 tini
948 3308 1058 3370 sarcina
1080 3308 1160 3371 libris
1176 3311 1261 3374 odio.

552 3385 616 3464 (4⁶)
638 3390 778 3508 {sutiles
796 3421 946 3483 antequam
968 3411 1072 3472 bellurn
1094 3419 1227 3478 indiceret
1247 3421 1314 3482 beet
1337 3423 1487 3505 insirigus
1520 3430 1648 3505 sparsit·
1680 3430 1759 3497 eum
1786 3441 1893 3488 tetros·

632 3493 691 3612 diss⁸
705 3507 881 3583 temporibus
903 3515 1069 3578 Francistus
1091 3521 1184 3582 Maria
1204 3519 1297 3585 felitis
1323 3525 1530 3590 recordationis
1550 3529 1621 3596 tulii
1654 3534 1694 3592 lt,
1726 3527 1891 3590 praedeces·

635 3616 707 3660 sons
738 3613 830 3672 nostri
857 3621 1013 3682 secundum
1037 3646 1151 3686 earnem
1175 3647 1278 3710 nepos,
1303 3648 1363 3690 non
1383 3649 1419 3691 ex
1440 3631 1534 3702 linea,
1557 3634 1618 3694 sive
1640 3632 1817 3694 successione
1846 3632 1891 3692 in·

532 3773 541 3789 ,
636 3702 807 3780 vestitum,
827 3718 877 3776 sed
899 3740 934 3778 er
958 3726 1048 3804 gratis
1069 3728 1148 3790 Sedis
1169 3733 1373 3812 Apostolicse.
1401 3741 1429 3794 dt
1462 3753 1598 3818 tanquam
1631 3735 1785 3816 adoptivus
1814 3733 1890 3794 filisu

633 3795 725 3896 b⁰f¹l¹e
748 3815 900 3872 memma
918 3826 1065 3892 Guidnnis
1088 3833 1178 3894 Ducis
1193 3833 1299 3897 Urbini
1319 3839 1356 3898 ad
1379 3842 1524 3902 Donatum
1547 3842 1640 3923 ipsum
1659 3837 1839 3920 pervenerit.
1860 3841 1892 3896 Β

632 3921 666 3963 tn
689 3903 861 3970 surrentinae
884 3927 1591 4009 lmmsttsssu-„Qssccleffinomangma
1620 3943 1691 4004 5012
1723 3944 1890 4012 apostolica

635 4022 737 4065 eontra
757 4013 818 4074 eius
842 4006 935 4071 hostes
961 4017 1128 4095 postpositis
1150 4019 1250 4079 ceteris
1276 4019 1426 4102 capitanei
1457 4037 1543 4088 errulo
1574 4033 1741 4108 detoratur,
1772 4059 1890 4122 magno·

635 4127 691 4190 que
712 4108 856 4192 stipendio
877 4115 1033 4178 eondudlus
1057 4119 1159 4191 luerit,
1190 4141 1335 4188 testamen
1364 4149 1396 4188 ae
1428 4130 1496 4193 belli
1523 4133 1671 4199 vilioriam
1706 4142 1889 4208 manifestam

636 4209 743 4293 perfide
766 4215 952 4288 detrectavit,
976 4228 1000 4278 dt
1024 4225 1100 4299 qurrd
1124 4225 1249 4286 deterius
1276 4234 1304 4288 dt
1325 4233 1416 4316 tnagis
1437 4232 1613 4300 horrendum
1634 4258 1699 4313 est,
1720 4265 1820 4309 contra
1844 4255 1890 4311 Se·

634 4317 701 4376 dem
726 4321 945 4398 apostoticam,
965 4345 1065 4386 eontra
1087 4345 1240 4408 patruum.
1260 4351 1359 4394 contra
1380 4335 1484 4410 iidem,
1507 4363 1524 4404 a
1553 4363 1609 4424 qua
1637 4343 1755 4414 feudum
1781 4355 1887 4422 dieitur

635 4417 827 4490 feudatarius,
849 4431 875 4483 δι
901 4429 1033 4488 vassallus
1055 4451 1103 4510 per
1125 4421 1318 4512 prbditionem
1341 4440 1376 4500 ad
1398 4463 1490 4523 partes
1511 4445 1639 4511 hostium
1654 4465 1791 4518 contras.
1806 4463 1886 4519 ΜΞ.

632 4539 703 4584 tunc
725 4528 901 4588 venientium
926 4528 1047 4592 drr'rcit:
1070 4533 1245 4616 demumque
1265 4543 1354 4620 ipsius
1375 4549 1403 4606 S.
1425 4551 1462 4610 R.
1479 4554 1511 4612 Ε.
1527 4555 1709 4620 cardinalem
1732 4565 1747 4602 f
1754 4561 1889 4624 Francis·

634 4645 694 4687 eum
715 4631 902 4716 Attanum)
923 4636 1058 4703 baitsnm
1077 4643 1256 4726 inexpiatum
1276 4647 1500 4742 inauditumque
1518 4652 1628 4724 fuemus
1647 4663 1770 4746 propriis
1791 4671 1884 4730 mani-

1789 4745 1846 4814 bus
