4386 5838
656 687 721 760 ηε
1017 660 1433 788 'ursonis
1507 678 1558 749 x.

601 819 817 887 ornamenta,
867 796 940 876 uli·
961 797 1107 878 uidimus
1145 808 1318 899 utriusque
1345 803 1519 876 Senatoris
1552 797 1701 893 insignia
1745 795 1947 898 Ursinontm

603 938 701 1016 atque
724 921 1014 1009 Columueusium,
1039 948 1103 1022 quo
1128 925 1312 1023 speeiuculo
1352 921 1482 994 uiltila
1520 919 1630 990 multis
1652 915 1815 988 -soecult's
1851 915 1937 984 uidit

604 1044 683 1126 urbs
709 1043 817 1112 Roma
842 1042 960 1115 laetior
981 1093 990 1112 .
1015 1095 1023 1112 .
1049 1096 1058 1114 .
1084 1091 1094 1111 .
1119 1063 1157 1116 ut
1179 1046 1272 1114 nrultr
1293 1045 1509 1138 speclontium
1532 1039 1658 1112 coelum
1684 1037 1788 1108 aeluri
1810 1036 1939 1129 gratias

603 1166 836 1258 suspexerim,
867 1163 982 1258 plures
1019 1161 1181 1260 lacrymas
1215 1166 1392 1257 fuderint,
1414 1183 1586 1258 ,tanquam
1623 1160 1712 1252 fassi
1743 1155 1936 1245 felicitatem
1971 1245 1973 1248 Ι

603 1286 747 1370 saeculi,
772 1287 829 1381 qui
855 1286 890 1354 in
915 1285 1031 1356 lorum
1056 1285 1250 1356 Senatorum
1275 1287 1421 1356 amicitia
1443 1301 1636 1379 perpetuum
1670 1279 1852 1372 sarlionem
1878 1299 1939 1348 cu·

585 1405 779 1490 ‚laurentem
814 1403 986 1496 depulsam
1022 1408 1202 1478 sentirent.
1226 1404 1378 1476 Profecto
1402 1403 1449 1474 nil
1484 1423 1553 1474 tam
1579 1424 1680 1470 curae
1704 1419 1777 1470 erat
1810 1397 1938 1480 Leoni,

491 1563 495 1570 ·
604 1546 703 1621 quam
731 1544 789 1593 aut
816 1526 1001 1613 praemiis,
1026 1547 1085 1601 aut
1109 1529 1295 1616 promissis,
1320 1545 1379 1600 aut
1403 1524 1520 1607 minis,
1548 1543 1606 1594 aut
1632 1522 1748 1612 poenis
1775 1519 1937 1590 sactiones

605 1647 825 1747 extinguere,
860 1668 948 1737 quae
981 1663 1034 1714 tot
1073 1646 1215 1716 saeculis
1257 1649 1397 1718 Romam
1432 1643 1645 1718 affliiterant.
1670 1647 1805 1714 Praeter
1837 1660 1940 1732 quam

606 1767 699 1856 quod
725 1766 856 1836 amabat
883 1767 1037 1836 Ursinios
1063 1788 1199 1856 propter
1224 1787 1412 1863 maternum
1438 1769 1662 1857 sanguinem,
1693 1763 1937 1834 Columnense's

605 1883 731 1966 etiam,
755 1886 846 1975 quod
873 1885 907 1957 in
934 1888 972 1956 iis
998 1889 1150 1958 homines
1182 1907 1278 1956 erant
1311 1887 1438 1960 virtute
1478 1904 1713 1974 praestantes.
1751 1879 1938 1952 Fabritium

603 2001 636 2066 δι
659 1999 861 2091 prosperum
884 2005 1064 2079 liberaliter
1089 2010 1175 2080 adeo
1197 2005 1383 2092 trallavit,
1410 2025 1447 2078 ut
1474 2008 1515 2076 iis
1541 2003 1727 2095 peramplus
1752 2005 1787 2072 δι
1811 1999 1938 2088 tripar-

605 2120 687 2190 titas
714 2123 915 2196 aedescum
937 2127 1162 2198 ornatissimis
1187 2128 1293 2199 hortis
1320 2129 1548 2225 concederet,
1574 2147 1659 2218 quas
1683 2121 1788 2195 Julius
1807 2125 1847 2190 ΙΙ.
1872 2121 1939 2211 pri-

605 2259 686 2313 vata
713 2243 747 2310 in
773 2243 912 2314 fortuna
937 2245 1115 2318 Columnio
1140 2249 1174 2318 in
1198 2249 1273 2320 solo
1298 2251 1339 2321 ad
1365 2251 1417 2320 SS.
1453 2245 1695 2338 Apostolorum
1732 2240 1937 2312 aedificave-

605 2379 683 2430 rat.
709 2363 844 2434 Factum
869 2384 920 2433 est
945 2367 1048 2438 etiam
1071 2366 1142 2462 ejus
1167 2369 1288 2439 officiis
1306 2389 1381 2452 ,ut
1405 2372 1547 2458 Prosper
1571 2369 1641 2456 ipse
1661 2363 1777 2455 ,‘qui,
1804 2348 1842 2430 tit
1861 2359 1939 2428 alibi

606 2478 775 2568 diximuS,
801 2485 960 2558 dimicans
985 2492 1018 2560 in
1043 2510 1244 2582 potestatem
1282 2488 1459 2560 Gallorum
1494 2473 1713 2578 pervenerat,
1752 2483 1940 2554 libertatem

607 2623 849 2689 recuperaret.
874 2599 978 2700 Quod
1005 2611 1046 2682 ad
1072 2612 1264 2704 Pompeium
1298 2633 1381 2682 vero
1409 2610 1541 2682 attinet.
1567 2606 1672 2677 multa
1709 2627 1790 2675 sane
1825 2604 1860 2672 in
1895 2623 1939 2672 eo
1990 2601 1992 2608 “

607 2743 704 2792 erant
730 2726 820 2796 bona
844 2749 986 2799 naturae
1010 2735 1044 2802 u
1069 2731 1216 2822 ingenii.
1242 2733 1348 2801 Nemo
1387 2731 1475 2800 enim
1512 2747 1593 2799 erat
1620 2725 1676 2800 vel
1710 2747 1729 2795 e
1767 2722 1937 2796 veteribus

604 2843 852 2930 Senatoribus,
876 2849 937 2942 qui
961 2874 1002 2922 eo
1027 2853 1166 2944 gravius
1192 2850 1463 2943 &eloquentius
1489 2849 1690 2921 sententiam
1715 2846 1849 2931 dicere,
1875 2867 1940 2918 so·

593 2961 728 3036 lemnia
754 2991 849 3066 sacra
873 2971 1019 3043 nobilius
1051 2993 1153 3066 atque
1179 2973 1352 3048 decentius
1378 2973 1533 3062 operari,
1571 2967 1786 3057 familiaeque
1819 2963 1940 3034 ordine

588 3088 641 3170 l&
668 3089 860 3175 comitatu,
896 3114 998 3184 atque
1035 3090 1225 3164 mensarum
1262 3093 1451 3184 elegantia,
1488 3090 1775 3178 convivarumque
1809 3081 1940 3154 delellu

608 3229 773 3296 personae
804 3209 1003 3300 dignitatem
1029 3209 1155 3284 lautius
1182 3237 1221 3282 ac
1246 3211 1453 3300 splendidius
1478 3210 1567 3280 tueri
1607 3211 1801 3279 videretur.
1828 3203 1879 3271 Ad
1907 3203 1943 3274 id

607 3324 784 3398 hominum
809 3332 921 3400 studia
945 3334 1006 3402 sibi
1032 3323 1233 3403 conciliabat
1257 3331 1332 3402 lites
1367 3332 1543 3416 dirimens,
1576 3348 1706 3399 veteres
1732 3328 1942 3415 componens

610 3445 833 3534 simultates,
857 3453 984 3522 miseris
1009 3455 1041 3520 δι
1067 3447 1199 3522 afflictis
1225 3453 1447 3532 subveniens,
1470 3450 1562 3550 &iis
1587 3451 1729 3520 maxime
1751 3446 1945 3535 opitularis,

612 3566 671 3655 qui
707 3567 803 3640 fidem
846 3575 878 3642 n
923 3571 1085 3643 auxilium
1119 3575 1191 3665 ejus
1229 3573 1478 3663 implorabant.
1517 3574 1608 3647 Haec
1633 3563 1821 3659 graiissima
1846 3581 1944 3636 erant

605 3685 789 3771 Pontifici,
815 3691 872 3781 qui
899 3691 940 3762 ad
965 3663 1200 3762 liberalitatem
1239 3697 1272 3762 δι
1311 3694 1548 3784 benignitatem
1588 3683 1810 3774 erebcendam
1844 3703 1944 3756 natue

612 3826 687 3876 esse
725 3809 941 3882 videbatur.
979 3811 1070 3900 Quid
1108 3811 1138 3880 ¹si
1181 3813 1403 3901 praevidisset
1446 3813 1617 3882 hominem
1660 3809 1752 3880 illum
1788 3831 1849 3896 pro
1884 3827 1948 3874 suo

609 3924 647 3993 in
671 3929 848 3998 Caesarem
887 3929 1001 4000 studio
1042 3930 1207 4002 Clementi
1247 3950 1308 4004 νυ.
1345 3948 1396 4000 tot
1422 3932 1650 4001 exhibiturum
1671 3929 1866 4010 molestias,
1905 3943 1945 3994 ut

609 4045 887 4138 ejusdem'vitam
913 4073 1079 4122 summum
1105 4053 1141 4122 in
1166 4051 1345 4122 discrimen
1371 4051 1568 4134 adduxerit,
1604 4055 1684 4122 dum
1723 4049 1803 4149 Urbi
1829 4069 1945 4132 ,evn-

607 4165 739 4238 sionem
765 4170 926 4257 parabat?
1207 4170 1211 4178 '
1577 4267 1578 4270 Ἴ
2005 4156 2007 4160 ’

709 4289 811 4360 Laeta
839 4291 957 4362 civitas
985 4292 1078 4377 fuit,
1103 4294 1196 4386 quod
1222 4318 1290 4366 uno
1314 4267 1499 4389 eodemque
1526 4296 1578 4367 die
1601 4312 1653 4366 tot
1689 4295 1756 4364 Leo
1798 4307 1944 4372 creasset

611 4406 833 4496 Cardinales,
860 4412 894 4480 in
917 4416 1037 4503 quibus
1063 4413 1139 4484 offilo
1166 4393 1262 4487 erant
1295 4419 1463 4495 Romani,
1495 4421 1529 4489 δι
1567 4417 1595 4485 is
1634 4415 1706 4483 dies
1740 4409 1944 4484 laetissimus

614 4547 752 4618 quoque
777 4527 842 4600 luit
868 4530 939 4602 aliis
964 4534 1124 4625 populis,
1148 4536 1241 4626 quod
1265 4559 1308 4606 ex
1331 4540 1423 4610 omni
1446 4537 1517 4612 lete
1541 4538 1679 4610 natione
1704 4527 1864 4604 Pontifex
1889 4525 1947 4611 tie·¹
