4472 5828
600 661 681 732 ·54
1024 639 1534 718 LEONlS'X.

473 793 477 802 ·
582 787 682 854 qtram
713 761 736 832 ii
762 761 944 833 amiserunt
970 758 1131 835 liberandi
1165 767 1309 856 patriam
1335 791 1355 838 a
1380 764 1567 844 seruitute,
1591 763 1624 830 8<
1648 758 1782 827 Pratum
1814 747 1919 822 adi·

580 884 767 972 ceptione,
793 905 863 951 non
890 882 1033 972 amplius
1058 885 1173 958 oblata
1199 885 1290 972 suit,
1317 909 1355 957 ac
1382 909 1457 958 sero
1484 883 1560 954 illos
1587 901 1727 950 suorum
1757 873 1921 946 avaritiae

578 1003 776 1090 poenituit.
802 1003 910 1074 Subiit
944 1007 1033 1076 enim
1068 1009 1231 1097 oppidum
1257 1007 1366 1092 illud,
1390 1007 1425 1075 iu
1468 1003 1586 1097 quod,
1607 1021 1714 1090 parva
1755 994 1924 1066 moenium

574 1140 680 1228 parte
707 1121 871 1216 disjecta,
897 1126 1057 1198 introivit
1082 1125 1358 1204 hostis111·lial.
1383 1123 1586 1215 Septembris
1613 1143 1666 1192 an.
1692 1135 1819 1192 Μυκη.
1845 1137 1923 1186 cum

585 1241 698 1313 nullus
724 1247 924 1332 resisteret,
950 1255 1137 1341 omnesque
1163 1248 1263 1318 foede
1288 1269 1380 1320 arma
1401 1246 1638 1332 deponerent,
1663 1243 1697 1310 iic
1723 1235 1839 1329 sugam
1865 1256 1930 1306 ca·
2006 1297 2018 1305 .

581 1365 738 1452 petent,
761 1367 1028 1459 indignissimam
1053 1371 1280 1458 Hispanorum
1305 1365 1505 1446 licentiam,
1530 1367 1597 1432 tt'ec
1622 1383 1704 1433 sanc
1733 1359 1758 1428 ii
1784 1356 1820 1428 in
1843 1378 1929 1440 opt-

584 1505 664 1554 nem
691 1487 900 1574 avaritiam,
926 1487 1098 1560 libidinem
1123 1487 1414 1561 &crudelitatem
1439 1488 1538 1560 effusi
1562 1481 1795 1576 pepercissent
1826 1474 1934 1567 virgis

584 1627 669 1673 num
709 1610 742 1674 δι
786 1623 1016 1678 matronarum
1055 1608 1193 1693 decori,
1232 1609 1299 1680 nisi
1331 1615 1475 1682 loannes
1506 1601 1698 1682 cardinalis
1725 1599 1767 1676 ad
1791 1596 1926 1692 majoris

587 1725 702 1814 templi
726 1725 818 1799 sores
838 1778 849 1813 ,
872 1727 908 1797 in
932 1729 1024 1820 quod
1050 1727 1129 1800 illae
1154 1728 1403 1825 confugerant,
1430 1729 1603 1802 custodias
1629 1723 1821 1820 posuisset.
1838 1720 1930 1792 Tum

587 1847 808 1918 pistorienses
833 1848 980 1941 legatum
1007 1849 1048 1920 ad
1068 1832 1250 1944 'Proregem
1276 1850 1442 1923 miserunt
1466 1866 1630 1935 oratum,
1664 1867 1708 1915 ne
1733 1866 1769 1916 se
1804 1839 1840 1912 in
1863 1837 1935 1910 ho·

588 1967 695 2038 stium
718 1989 860 2040 numero
879 1969 1054 2058 baberet,
1078 1993 1168 2045 neve
1192 1971 1343 2044 oxnnium
1368 1971 1588 2046 Etruscarum
1614 1963 1791 2040 civitatum
1829 1981 1934 2030 caus-

589 2107 664 2157 sam
686 2108 761 2162 esse
783 2111 888 2160 unam
910 2090 1109 2184 judicaret,
1142 2092 1241 2187 eique
1278 2109 1490 2164 commeatus
1519 2089 1654 2178 copiam
1688 2107 1729 2156 se
1764 2079 1937 2159 submini-

592 2227 764 2288 straturos
787 2213 1069 2305 spoponderunt.
1092 2211 1286 2286 Florentiae
1311 2235 1395 2289 vero
1418 2211 1470 2284 sic
1493 2209 1649 2283 omnium
1672 2203 1804 2278 aninsos
1832 2201 1935 2271 timor

591 2335 889 2426 praeoccupavit,
913 2352 954 2406 ut
974 2355 1049 2404 uon
1074 2335 1177 2408 modo
1202 2333 1379 2422 fortunis,
1415 2331 1615 2404 sedetiam
1650 2326 1744 2400 vitae
1776 2323 1944 2410 despere-

594 2469 698 2540 tent,
722 2457 757 2525 tc
782 2453 962 2526 Vexilliser
984 2479 1069 2548 pene
1094 2455 1243 2529 alienate
1267 2473 1382 2527 mente
1404 2451 1556 2526 nesciret
1595 2446 1680 2542 quid
1712 2438 1847 2516 consilii
1872 2463 1943 2510 ca-

595 2593 718 2660 veret,
741 2575 894 2669 nttllique
919 2578 970 2654 rei
996 2581 1231 2672 prospiceret.
1253 2582 1293 2650 Iu
1317 2577 1382 2648 hac
1408 2570 1617 2646 confusione
1640 2589 1754 2673 rerum
1778 2560 1950 2668 maxima-¹

596 2717 664 2784 que
687 2693 908 2768 voluntatum·
930 2721 1012 2790 erga
1043 2699 1278 2774 vexilliferum
1312 2694 1608 2776 commutatione,
1644 2687 1808 2760 inflantur
1834 2699 1944 2771 atque

591 2813 790 2890 'excitantur
814 2817 917 2892 animi
940 2841 1070 2903 eorum,
1092 2819 1153 2914 qui
1168 2838 1234 2890 aut
1255 2817 1416 2892 Mediceis
1432 2813 1615 2895 favebant,
1639 2823 1700 2880 aut
1723 2800 1848 2878 novari
1866 2796 1946 2868 Rei·

594 2933 753 3026 publicae
778 2957 907 3014 statum
933 2942 1141 3034 cupiebant,
1168 2941 1372 3033 inventique
1395 2955 1479 3010 sunt
1498 2932 1573 3008 bini
1590 2926 1833 3004 adolescentes
1846 2915 1947 3006 Paul·

595 3051 653 3127 lus
677 3056 866 3149 Vidlorius,
892 3067 928 3136 dc
952 3063 1126 3136 Antonius
1152 3062 1355 3135 Franciscus
1393 3052 1544 3128 Albitius
1583 3045 1743 3130 nobiles,
1764 3040 1941 3132 audaces,

600 3177 782 3270 seditiosi,
807 3183 892 3276 qui,
916 3182 1177 3256 communicatis
1212 3177 1419 3254 turbulentis
1452 3172 1608 3250 consiliis
1641 3169 1720 3242 cunt
1758 3159 1949 3236 Bartholo-

601 3319 700 3373 etaeo
728 3301 893 3392 Valerio,
918 3304 1073 3398 quinon
1097 3302 1223 3375 minori
1248 3297 1442 3376 abundabat
1466 3293 1633 3376 audacia,
1657 3289 1782 3382 quique
1817 3279 1946 3354 oblitus

601 3415 872 3511 beneficiorum,
897 3449 986 3518 quae
1009 3447 1031 3498 a
1054 3423 1233 3498 Soderinio
1269 3436 1471 3510 acceperat,
1490 3420 1526 3489 tc
1544 3405 1835 3506 propinquiffltlsr
1875 3422 1947 3494 (Μ

606 3529 767 3612 αιιπίἱῖο
793 3545 992 3640 conjuudlus
1021 3563 1096 3618 erat
1120 3543 1263 3634 (ipsius
1288 3541 1380 3614 enirn
1404 3536 1520 3610 sratris
1553 3531 1659 3608 filiam
1693 3528 1730 3604 itt
1770 3523 1951 3602 matrimo-

555 3677 579 3756 j
605 3657 698 3730 nium
725 3661 894 3750 duxerat)
919 3683 957 3733 se
981 3665 1074 3737 exire
1098 3651 1177 3738 aere
1201 3661 1313 3737 alieno
1338 3659 1482 3752 putabat
1513 3677 1634 3748 posse·
1656 3671 1740 3724 Μ
1762 3655 1949 3733 00οὓΡέῐῆ

608 3773 736 3868 atiena,
769 3783 810 3854 de
836 3784 1062 3858 abstrahendo
1089 3809 1149 3878 per
1172 3784 1241 3858 rim
1264 3778 1499 3854 vexilliferum
1525 3799 1545 3848 a
1566 3771 1674 3846 Cttria
1698 3765 1953 3842 deliberarunt·
1982 3823 1987 3832 .

606 3901 726 3992 ltaque
747 3901 853 3975 biduo
874 3925 955 3995 post
981 3907 1153 3998 direptum
1175 3909 1314 3978 Pratum
1335 3923 1468 3976 summo
1491 3919 1590 3974 marte
1614 3887 1759 3984 ingressi
1793 3887 1828 3961 in
1862 3879 1955 3952 illius
1979 3931 1983 3937 .

597 4017 826 4114 cubiculum,
848 4047 995 4100 mortem
1021 4027 1072 4100 illi
1095 4025 1247 4099 minitati
1270 4041 1373 4109 sunt,
1396 4021 1466 4092 nisi
1500 4041 1536 4090 se
1561 4039 1606 4090 ex
1628 4035 1690 4084 sua
1715 4006 1794 4079 sede
1821 4006 1856 4073 δι
1881 4015 1956 4068 sta·

616 4127 902 4223 ‘immorimur
928 4149 957 4219 si
981 4147 1017 4219 id
1039 4147 1203 4230 fecisset,
1227 4145 1322 4236 ipsos
1347 4140 1422 4216 lore
1445 4137 1598 4227 corporis
1625 4121 1811 4204 custodes,
1836 4124 1956 4206 &quo

617 4243 722 4316 uellet
748 4231 937 4344 lffivten
959 4267 1162 4342 eduetmos.
1185 4264 1313 4342 Eodem
1337 4281 1489 4349 tempore
1506 4255 1619 4345 magni
1643 4272 1703 4339 per
1728 4243 1843 4316 urbem
1868 4234 1960 4306 exci-

619 4365 687 4434 ³²²l
711 4387 791 4436 sum
818 4365 1149 4474 turmulam,
1171 4382 1259 4455 idem
1284 4379 1453 4472 populus,
1479 4379 1616 4470 qui'per
1643 4372 1754 4460 ipsum
1768 4359 1898 4446 salvam
1923 4355 1958 4422 ὃ(

623 4483 827 4562 incolumem
849 4486 986 4561 stetisse
1008 4473 1885 4579 Rempublstwwucmmdifflerah„tn,inhnss
1923 4491 1959 4536 ὅθ
