4472 5828
785 663 813 725 V
910 665 923 728 l
1022 662 1053 728 T
1151 659 1179 726 Α
1574 659 1618 747 59‘

338 799 412 848 erat
426 777 561 850 illorum
577 800 788 866 temporum,
811 769 1065 868 subiinpudico,
1090 805 1133 852 ex
1160 803 1225 871 qua
1243 776 1348 848 ceteri
1375 775 1563 865 exemplum
1581 799 1675 846 sum·

336 921 475 986 pserunt
513 900 705 970 comoedias
730 899 842 972 soluta
866 899 1024 974 oratione
1048 897 1238 998 scribendi.
1279 899 1370 968 llaec
1406 915 1504 967 erant
1543 895 1668 968 solatia

334 1023 532 1108 servitutis,
559 1047 660 1112 quam
686 1048 727 1094 ne
754 1047 863 1114 aequo
890 1023 1003 1100 animo
1029 1020 1098 1109 pati
1128 1018 1301 1088 videretur
1324 1017 1530 1102 vexillifer,
1556 1015 1670 1108 magi·

333 1145 472 1224 stratu,
496 1142 645 1212 secundo
670 1167 782 1212 meuse
809 1165 989 1234 postquam
1013 1140 1107 1211 illum
1131 1141 1273 1225 inierat,
1299 1163 1335 1211 se
1360 1139 1552 1210 abdicavit.
1577 1141 1667 1206 Tum

332 1259 491 1332 suffedlus
518 1260 553 1327 in
578 1260 666 1330 illius
692 1260 805 1330 locum
832 1262 895 1332 fuit
916 1261 1105 1333 Guilelmus
1129 1258 1285 1358 Pacilus,
1310 1259 1369 1352 qui
1390 1257 1561 1330 Cardinali
1584 1255 1667 1326 levir

333 1397 427 1463 erat,
453 1400 703 1471 reuocatusque
730 1383 889 1472 antiquus
913 1405 986 1452 mos
1010 1381 1100 1452 banc
1124 1399 1330 1470 potestatem
1365 1379 1501 1450 minime
1539 1400 1670 1467 proro-

332 1499 434 1593 gandi
459 1497 550 1568 ultra
574 1487 673 1568 biuos
699 1523 850 1572 menses.
874 1502 928 1572 Ob
952 1502 1036 1572 haec
1061 1501 1194 1592 aliaque
1219 1498 1415 1592 hujusmodi
1452 1497 1665 1570 callidissime

334 1639 430 1710 gesta
457 1643 574 1690 omnes
595 1621 638 1705 ii,
669 1622 726 1710 qui
752 1621 792 1690 ad
816 1622 965 1692 honores
989 1621 1207 1711 adspitabant
1224 1673 1234 1705 ,
1250 1643 1284 1690 se
1300 1601 1471 1694 devovere
1489 1621 1667 1692 Mediceo·

334 1766 407 1812 rum
432 1743 601 1813 amicitiae
624 1743 858 1832 cogebantur,
882 1743 1177 1832 eorumquehaec
1202 1759 1277 1810 erat
1292 1741 1469 1826 conditio,
1496 1759 1534 1811 ut
1559 1741 1668 1811 omui·

333 1861 398 1931 bus
423 1863 458 1929 in
485 1862 556 1932 vita
577 1860 856 1931 commodis‘una
879 1885 956 1930 curn
982 1861 1022 1932 iis
1046 1859 1261 1932 fruerentur.
1287 1865 1404 1954 Neque
1431 1861 1541 1931 adbuc
1556 1861 1668 1930 homi-

334 2001 414 2049 num
439 1983 601 2052 memoria
616 2002 780 2072 ‚repertus
805 2003 858 2053 est
883 1981 1088 2073 quisquam,
1114 1981 1167 2050 cui
1192 1981 1227 2050 in
1261 1980 1368 2052 libera
1393 1981 1534 2052 civitate
1571 1997 1669 2052 tanta

332 2119 487 2190 potestas
513 2121 622 2185 esset,
647 2103 740 2194 quod
768 2102 946 2187 libuisset,
964 2102 1112 2193 agendi,
1134 2105 1168 2171 δι
1192 2123 1331 2170 suorum
1346 2101 1519 2191 dignitatis
1536 2123 1670 2189 augen-

331 2218 416 2288 dae.
441 2218 502 2289 Vel
523 2243 566 2288 ex
592 2244 632 2292 eo
658 2239 832 2310 ternpore,
856 2243 926 2312 quo
953 2219 987 2288 in
1015 2239 1092 2289 tuto
1118 2243 1192 2292 esse
1217 2220 1313 2292 visae
1334 2241 1414 2292 sunt
1431 2219 1665 2294 Mediceorum

328 2363 410 2424 res,
436 2341 608 2429 Hispanus
633 2342 802 2412 exercitus
828 2342 868 2412 ab
894 2340 1033 2412 Etruria
1057 2341 1233 2428 discessit,
1260 2340 1477 2432 Brixiamque
1522 2338 1667 2410 accessit

332 2482 372 2528 ea
394 2479 526 2547 mente,
553 2481 591 2532 ut
616 2460 906 2552 opulentissimam
931 2460 1132 2542 civitatem,
1173 2461 1209 2530 in
1249 2486 1318 2554 qua
1350 2460 1556 2552 praesidium
1594 2475 1668 2528 etat

331 2579 534 2668 Gallorum,
560 2601 696 2670 caperet
727 2599 827 2672 atque
852 2579 1140 2669 depopularetur.
1165 2585 1264 2652 Meus
1306 2605 1444 2673 quoque
1482 2598 1555 2650 arat
1578 2577 1666 2651 lulio

331 2699 487 2772 Pontifici
512 2725 638 2773 vexate
664 2702 836 2772 Ferrariae
866 2703 1021 2781 Ducem,
1043 2724 1112 2790 qua
1141 2700 1183 2770 de
1214 2725 1249 2776 re
1276 2701 1410 2776 litteras
1441 2702 1483 2772 ad
1506 2705 1669 2776 loannem

330 2821 546 2894 Cardinalem
566 2823 657 2892 dedit
686 2843 762 2890 cum
788 2821 976 2904 mandatis,
1003 2837 1041 2888 ut
1066 2840 1108 2895 eo
1136 2841 1214 2886 cum
1239 2816 1515 2898 Florentinorum
1556 2819 1664 2908 copiis

330 2939 623 3026 proficisceretur.
647 2941 711 3012 Sed
737 2961 854 3009 omnes
880 2941 951 3032 ejus
981 2938 1207 3027 cupiditates,
1235 2962 1320 3033 quas
1349 2941 1456 3010 morbi
1491 2938 1583 3010 haud
1608 2961 1670 3012 va·

328 3052 469 3126 luerunt
499 3058 696 3140 debilitare,
721 3081 791 3132 una
815 3057 961 3126 extinxit
986 3078 1101 3139 mors,
1119 3081 1221 3148 quatu
1248 3057 1359 3128 obivit
1380 3057 1494 3149 paullo
1521 3057 1672 3136 antelu-

330 3195 404 3246 cem
426 3193 479 3248 tx.
494 3176 567 3246 Kal.
581 3175 722 3251 Martias
750 3199 804 3251 an.
828 3189 972 3250 ttuxttt.
998 3178 1035 3246 ld
1060 3201 1137 3250 cum
1163 3197 1252 3248 esset
1278 3177 1485 3250 Florentiam
1507 3176 1670 3263 allatum,
1759 3215 1761 3220 ·

327 3295 472 3364 loannes
498 3293 616 3369 lediica
639 3296 793 3381 veSlus,¹
811 3297 1031 3388 modicisque,
1058 3295 1237 3372 itineribus
1268 3316 1407 3386 propter
1434 3297 1590 3369 innatum
1625 3297 1685 3368 ab·

329 3410 398 3484 ima
422 3414 501 3486 sede
525 3416 745 3504 abscessum,
766 3403 907 3486 Romam
933 3413 1104 3506 profectus
1130 3436 1203 3500 est,
1225 3415 1350 3498 relidis
1375 3418 1417 3487 ad
1436 3413 1667 3508 gubernacula
1730 3402 1739 3410 ”

326 3533 550 3624 Reipublicae
574 3535 708 3608 Iuliano
731 3539 764 3604 δι
782 3537 987 3610 Laurentio.
1012 3540 1104 3608 Haec
1131 3537 1271 3606 occasio
1297 3537 1370 3608 visa
1393 3558 1445 3608 est
1471 3535 1548 3606 illos
1566 3536 1673 3606 inter·

327 3649 465 3730 ficieudi
488 3656 683 3746 Augustino
706 3658 886 3748 Capponio
917 3660 1056 3742 Lucae,
1087 3659 1121 3726 δι
1152 3660 1253 3728 Petro
1277 3656 1394 3738 Paullo
1428 3651 1574 3750 Boscolo
1610 3657 1672 3725 Ja-

328 3771 480 3842 eltinotti
513 3775 615 3858 filiis,
635 3775 727 3846 baud
761 3775 864 3846 dubia
888 3799 971 3866 spe,
999 3778 1119 3850 iisdem
1151 3779 1307 3850 emedio
1342 3775 1510 3870 sublatis,
1543 3772 1670 3847 civita·

328 3909 397 3962 tera
444 3893 621 3982 pristinam
644 3894 848 3968 libertatem.
872 3916 1168 3986 recuperatorem.
1203 3901 1268 3975 Sed
1306 3897 1434 3996 proditi
1470 3893 1671 3986 priusquam

327 4011 514 4103 quidquam
537 4035 670 4090 tentare
695 4020 868 4109 potuerint
884 4018 1114 4108 ,.posttidie,
1138 4040 1239 4115 quam
1264 4013 1454 4090 Cardinalis
1493 4011 1672 4122 Florentia
1737 3997 1740 4000 ¹

325 4129 549 4224 discesserat,
578 4139 713 4228 capite,
738 4145 772 4211 δι
801 4163 888 4234 quos
912 4140 1101 4212 habuerant
1131 4135 1354 4210 consiliorum
1374 4133 1582 4225 participesa
1608 4121 1670 4190 Ni·

327 4250 447 4326 colaus
469 4257 656 4346 Valerius,
680 4264 826 4334 loannes
852 4260 1037 4345 Folchius,
1063 4260 1217 4336 Guccius
1241 4255 1454 4328 Adimariurt
1485 4234 1668 4366 ‘lienium

323 4371 565 4465 Roncianius,
590 4385 625 4451 δι
650 4381 854 4454 Franciscus
882 4379 1061 4456 Serrallius
1102 4399 1164 4458 aut
1196 4374 1354 4445 cte-‘¹⁶’
1379 4368 1439 4434 Ἢ
1461 4350 1563 4433 ‘¹¹5⁰
1587 4354 1688 4469 Μ’,

325 4491 483 4580 publicae
512 4521 643 4578 uacuae
667 4501 928 4578 dependerunt·

956 4595 1054 4684 ur
