4386 5838
623 630 778 720 156
816 681 819 689 .
1007 627 1034 694 L
1084 629 1111 700 E
1159 629 1191 699 O
1241 630 1271 698 N
1320 630 1333 698 l
1382 623 1404 698 S
1478 629 1518 698 X.

496 811 502 827 ,
571 745 671 818 'antea
703 741 886 815 Puccius
877 768 912 814 rn
959 743 1088 816 ltaliam
1121 745 1338 832 dudlaverat,
1373 769 1449 817 curn
1487 745 1609 862 reliqqi
1631 748 1802 818 morae&
1840 723 1912 816 otii

566 868 781 958 impatientes
805 855 967 935 domum
967 865 1095 937 reversi
1126 865 1295 938 fuissent.
1321 855 1375 939 bd
1413 867 1447 938 id
1485 867 1609 980 missus
1650 867 1693 938 ad
1731 849 1910 938 Helvetios

545 978 663 1076 'ipsos
694 987 760 1058 fuit
784 985 998 1058 Sedunensis
1015 985 1235 1069 cardinalis,
1268 1006 1307 1059 ut
1331 989 1417 1062 ab''
1395 1013 1437 1060 ns
1463 969 1526 1082 pro
1551 986 1807 1060 conditionibus
1830 967 1912 1056 foe-

569 1107 688 1194 deris,
713 1108 805 1198 quod
829 1106 976 1178 inierant
1003 1130 1079 1178 cum
1104 1108 1286 1188 Pontifice,
1309 1132 1369 1181 sex
1393 1107 1498 1182 millia
1523 1108 1666 1180 militum
1704 1108 1910 1195 obtineret,

571 1249 659 1311 neve
683 1251 765 1321 gens
789 1227 847 1300 illa
876 1227 982 1300 Gallis
1006 1229 1132 1309 auxilio
1152 1217 1312 1318 veniret,
1337 1229 1429 1324 quod
1454 1228 1592 1302 foedera
1615 1227 1908 1321 Pontificialonge

573 1347 711 1420 Gallicis
736 1349 850 1438 priora
874 1371 949 1421 esse
975 1352 1041 1421 Leo
1065 1351 1268 1421 affirmabat.
1294 1354 1418 1442 Magna
1438 1374 1515 1441 spes
1537 1351 1620 1422 huic
1644 1367 1716 1422 erat
1732 1350 1909 1440 proposita

573 1491 646 1540 tum
666 1469 710 1540 ob
740 1487 854 1540 tantas
892 1467 1035 1558 copiae,
1061 1469 1181 1560 quibus
1205 1469 1374 1560 stipendia
1397 1471 1515 1564 aequis
1541 1471 1692 1562 partibus
1719 1494 1744 1540 a,
1763 1471 1908 1538 Caesare

572 1591 607 1655 oc
632 1589 793 1660 pontifice
819 1589 894 1677 ipso
912 1588 1159 1671 solvebantur,
1182 1607 1253 1660 turn
1274 1592 1318 1660 ob
1333 1590 1463 1662 nobiles
1478 1589 1614 1662 exulum
1636 1587 1803 1673 familias,
1820 1607 1910 1678 quae
1990 1682 1994 1688 ¹

572 1709 752 1799 potentia,
781 1709 981 1780 attfloritate
1009 1711 1042 1774 δι
1068 1707 1231 1779 clientelis
1258 1707 1437 1799 plurimum
1460 1709 1500 1779 iis
1525 1711 1560 1778 in
1582 1707 1774 1800 regionibus
1801 1705 1906 1797 polle·

571 1831 678 1914 bant,
705 1849 774 1901 tum
800 1830 844 1900 ob
870 1825 1072 1918 populorum
1099 1829 1216 1919 ingens
1242 1852 1322 1920 erga
1347 1828 1524 1900 Gallorum
1550 1849 1672 1899 nomen
1697 1828 1831 1912 odium,
1848 1825 1910 1920 qui

571 1975 593 2020 a
617 1948 780 2019 militibus
805 1927 924 2040 grauia
947 1951 981 2020 bc
1007 1946 1222 2018 intoleranda
1248 1949 1429 2046 perpessi,
1456 1971 1532 2018 cum
1557 1971 1665 2040 neque
1691 1949 1763 2016 Rex
1788 1945 1910 2033 obpe·

573 2071 696 2142 cuniae
721 2068 873 2159 inopiam
898 2069 979 2140 satis
1005 2069 1221 2158 provideret,
1255 2091 1366 2158 neque
1403 2065 1565 2139 Praefefli
1596 2069 1640 2140 ob
1672 2064 1925 2159 negligentiam¹

568 2189 800 2274 obsisterent,
826 2184 1054 2276 incredibilis,
1078 2209 1148 2277 quo
1173 2187 1297 2278 Regem
1323 2189 1635 2280 prosequebantur,
1659 2187 1763 2258 studii
1787 2193 1819 2258 bc
1843 2187 1910 2256 be-

572 2309 795 2383 nevolentiae
818 2305 944 2389 obliti,
969 2325 1008 2379 ut
1033 2325 1084 2378 est
1110 2305 1216 2398 plebis
1242 2328 1365 2379 natura
1389 2330 1555 2380 novarum
1580 2332 1692 2379 rerum
1727 2281 1912 2398 appetens,

572 2429 692 2502 omnia
717 2450 852 2500 sursum
874 2427 1096 2519 deorsumque
1122 2427 1257 2499 misceri
1284 2428 1485 2517 cupiebant.
1511 2428 1575 2498 His
1610 2425 1709 2498 rebus
1735 2450 1755 2498 a
1777 2415 1914 2496 Franci·
2019 2467 2026 2474 -

566 2571 632 2621 sco
657 2553 748 2644 Rege
775 2549 945 2642 cognitis,
979 2547 1222 2632 Lotrechium,
1255 2547 1312 2640 qui
1338 2549 1373 2619 in
1397 2548 1540 2620 Galliam
1561 2564 1723 2632 uenerat,
1748 2545 1913 2616 Mediola-

568 2692 675 2756 num,
702 2674 756 2743 cui
780 2688 962 2762 praeerat,
988 2669 1060 2740 sine
1099 2669 1169 2742 ulla
1211 2692 1307 2742 mora
1346 2673 1471 2743 reverti
1506 2672 1624 2764 jubet,
1653 2692 1673 2740 a
1707 2670 1913 2738 Venetorum

566 2789 761 2882 Republica
783 2817 845 2865 sex
869 2791 1018 2884 peditum
1034 2791 1162 2878 millia,
1186 2795 1218 2860 bc
1239 2810 1420 2884 sexcentos
1442 2785 1676 2881 cataphraclos
1696 2789 1830 2880 equites
1850 2811 1911 2880 pro

566 2915 641 3009 jure
666 2909 816 2983 foederis
840 2912 1005 3004 requirit,
1030 2911 1170 3003 imperat
1195 2936 1256 2984 serr
1279 2911 1384 2984 millia
1409 2912 1586 2984 Gallorum
1610 2909 1645 2981 in
1671 2907 1803 2981 ltaliam
1829 2931 1913 3000 pto·

569 3029 706 3121 ilcisci,
731 3033 850 3107 decem
873 3055 981 3126 usquc
1006 3029 1114 3103 millia
1139 3030 1375 3108 Helvetiorum
1401 3051 1534 3124 praeter
1568 3056 1723 3126 magnam
1748 3029 1913 3102 Italorum

569 3151 724 3241 peditum
749 3177 886 3227 manum
910 3154 1105 3242 conscribi,
1131 3154 1321 3247 eodemque
1345 3173 1497 3244 tempore
1521 3153 1624 3224 amice
1651 3149 1912 3224 commonefacit

571 3272 797 3359 Pontificem,
819 3298 862 3348 ne
896 3275 1023 3346 sineret
1049 3301 1069 3348 a
1092 3273 1236 3346 molesto
1262 3277 1295 3341 ἂ
1323 3273 1515 3365 periculoso
1540 3271 1630 3345 bello
1671 3273 1816 3346 distrahi
1840 3296 1916 3350 eam

571 3393 864 3470 uecessitudinem
883 3399 917 3468 bc
940 3381 1234 3478 belreuolentiam,
1260 3419 1361 3488 quam
1385 3399 1565 3466 natura&
1587 3394 1764 3489 utriusque
1789 3393 1917 3465 volun·

559 3509 630 3590 'aas
662 3515 936 3612 conjunxerant,
962 3531 1082 3606 totque
1107 3533 1225 3588 mutua
1232 3512 1359 3586 officia
1391 3513 1674 3588 confirmaverant
1709 3513 1816 3604 (ῖς).
1850 3512 1934 3588 sed·

574 3633 663 3706 baec
686 3635 768 3708 nihil
803 3607 982 3708 valuere
972 3657 1008 3704 tn
1044 3633 1210 3720 homine,
1245 3636 1323 3728 qni
1348 3635 1464 3744 omnia
1494 3635 1723 3746 posthabebat
1759 3633 1917 3725 gloriae,

578 3777 682 3862 quam
706 3749 815 3825 sibi
792 3777 835 3824 ex
858 3755 923 3828 hac
946 3753 1164 3844 expeditione
1187 3748 1454 3850 pollicebatur,
1464 3755 1565 3848 quarn
1589 3747 1724 3850 quidem
1766 3753 1810 3825 ad
1847 3772 1917 3823 reru

579 3897 706 3968 magno
727 3873 924 3966 adjumento
950 3873 1024 3947 fore
1040 3876 1196 3964 sperabat
1212 3874 1349 3982 odium,
1371 3873 1463 3968 quod
1482 3876 1623 3964 Aloysia
1644 3875 1797 3947 Sabauda
1811 3877 1917 3965 Regis

576 4014 686 4070 mater
701 3983 870 4070 babebat
862 4021 897 4070 rn
911 3995 1148 4076 Lotrechium,
1160 4019 1179 4065 a
1193 4019 1260 4088 quo
1276 4019 1312 4067 se
1328 3995 1500 4067 contemni
1518 3997 1773 4094 indignabatur
1787 3999 1914 4069 Omnes

576 4117 682 4190 enim
692 4140 818 4192 nervos
843 4139 926 4188 suos
958 4117 993 4188 iu
1018 4138 1061 4187 eo
1085 4116 1341 4202 contenderat,
1383 4118 1421 4190 ut'
1447 4137 1499 4190 est
1524 4141 1632 4212 genus
1667 4118 1846 4189 mulierum
1872 4115 1918 4188 ad

575 4233 759 4322 vindidam
786 4235 955 4328 proclive,
981 4259 1023 4306 ne
1048 4237 1132 4330 quid
1156 4236 1188 4306 ei
1212 4217 1373 4327 temporis
1405 4238 1448 4308 ad
1470 4235 1721 4320 Praefebiuram
1756 4251 1920 4327 proroga·

577 4372 701 4445 retur,
722 4356 816 4448 quod
842 4337 930 4456 curn
941 4355 1097 4434 oblinere
1123 4356 1260 4438 rn'inir'ne
1286 4357 1472 4445 potuisset,
1499 4358 1614 4430 multis
1642 4359 1770 4430 artibus
1795 4359 1915 4428 effece-
