4472 5828
616 681 663 770 56
1001 679 1028 748 L
1077 683 1185 754 E'O
1234 685 1264 751 N
1311 684 1326 753 1
1373 679 1396 748 S
1468 673 1508 744 X.

558 798 760 892 Quanquam
787 797 965 889 plurimum
991 801 1187 876 imminutus
1214 800 1318 872 fuerit
1343 800 1571 888 Hispanorum
1594 790 1789 878 exercitus,
1806 789 1930 886 quod·

557 923 656 994 multi
681 921 899 994 Gallicistot
924 919 1018 998 bellis
1053 920 1276 1006 defecerant,
1313 921 1519 1016 longumque
1554 917 1619 988 iter
1659 937 1703 984 ex
1738 912 1908 1000 Hispania

559 1061 651 1137 ηομ
672 1041 825 1122 subsidia
849 1043 1078 1140 impediebat,
1104 1043 1136 1116 dt
1160 1041 1274 1140 gravis
1300 1061 1414 1118 aestas
1438 1061 1595 1131 magnam
1609 1054 1739 1128 partem
1764 1030 1913 1105 valetu-

557 1163 640 1242 dine
666 1181 885 1247 tentaverat,
915 1163 993 1243 talis
1018 1183 1133 1243 tamen
1157 1183 1255 1252 ctat,
1281 1181 1320 1243 ut
1344 1163 1553 1242 Florentinis
1579 1158 1695 1232 tractis
1721 1163 1755 1234 δι
1781 1149 1923 1228 debili·.

560 1283 643 1364 tatis
666 1303 786 1369 metu,
811 1269 1038 1380 civilibusque
1061 1285 1268 1372 discordiis,
1291 1290 1477 1363 &natura
1502 1287 1536 1354 bt
1562 1287 1638 1354 u'su.
1667 1281 1710 1352 ad
1735 1274 1824 1351 bella
1851 1297 1909 1345 su-

568 1404 728 1482 stinenda
752 1407 887 1486 minime
914 1407 1047 1489 idoneis
1070 1406 1202 1489 alienat
1224 1403 1399 1489 voluntati
1422 1399 1679 1497 obtemperandi
1720 1394 1914 1472 necessita-

565 1543 633 1604 tem
657 1527 848 1614 ‚imponeret
874 1527 981 1618 (aa),

657 1646 744 1726 cum
771 1647 812 1716 de
838 1647 1026 1726 ordinanda
1049 1648 1236 1740 Republica
1263 1648 1317 1742 agi
1342 1667 1502 1740 coeptum
1540 1663 1657 1725 esset,
1682 1642 1789 1717 creati
1829 1659 1901 1714 xx.

563 1763 660 1844 cives
688 1767 848 1854 fuerunt,
874 1769 934 1860 qui
957 1769 1125 1849 referrent
1154 1772 1237 1862 quid
1261 1771 1406 1841 maxime
1440 1767 1589 1860 ejusdcm
1608 1762 1832 1854 Reipublicae
1858 1785 1922 1832 ta·.

564 1885 714 1967 tionibus
739 1886 930 1960 conducere
956 1908 1136 1978 putassent
1148 1894 1310 1968 ,uetera
1335 1891 1424 1961 inter
1449 1913 1493 1962 ex
1516 1911 1635 1958 eorum
1657 1882 1832 1956 sententia
1851 1881 1911 1952 de·

565 2025 698 2090 cretum
732 2022 811 2086 est,
840 2027 879 2074 ut
904 2029 1019 2089 annua
1052 2027 1142 2080 esset
1166 2009 1356 2083 Vexilliseri
1397 2027 1572 2101 potestas,
1608 2024 1646 2077 ut
1672 2001 1914 2094 magistratui,

562 2126 624 2222 ¹qui
650 2149 774 2200 nomen
798 2126 942 2200 habebat
969 2128 1010 2199 ab
1036 2129 1235 2222 octuogima
1259 2132 1425 2212 viris,ex
1445 2129 1570 2221 quibus
1596 2123 1805 2206 constabat,
1828 2141 1917 2211 quo·

565 2265 643 2330 runt
664 2267 799 2328 summa
828 2265 901 2318 etat
930 2247 1112 2322 aridioritas
1136 2251 1176 2334 in
1200 2251 1407 2342 gravissimis
1432 2249 1557 2330 rebus,
1587 2247 1716 2344 quique
1745 2242 1920 2333 eligeban-

567 2379 625 2433 tur
651 2383 750 2446 sexto
775 2389 911 2460 quoque
948 2391 1087 2456 mense,
1124 2371 1326 2456 adderentur
1343 2379 1461 2440 omnes
1495 2369 1544 2445 ii,
1565 2367 1623 2458 qui
1648 2386 1771 2436 munus
1797 2355 1923 2430 Vexil-

563 2475 660 2570 liferi
684 2503 934 2572 exercuerant,
965 2488 1026 2578 qui
1050 2487 1240 2582 legationes
1272 2493 1315 2562 ad
1343 2491 1517 2580 Principes
1546 2488 1753 2567 obiverant,
1786 2478 1918 2572 quique

570 2605 817 2684 edecemviris
848 2608 889 2677 ad
916 2606 1040 2679 bellum
1071 2613 1106 2682 δι
1138 2633 1256 2700 pacem
1286 2609 1478 2685 faciendam
1519 2606 1682 2690 fuerant,
1728 2623 1771 2670 ne
1816 2613 1952 2670 aurae·

568 2723 723 2814 populari
761 2724 901 2815 amplius
933 2727 1106 2800 obnoxius
1143 2747 1255 2826 esset.
1290 2729 1352 2800 His
1382 2730 1527 2822 aliisque
1566 2721 1766 2796 constitutis
1791 2717 1916 2800 rebus,

568 2859 619 2916 VJ.
641 2843 688 2916 ld.
712 2849 914 2938 Septembris
941 2869 1077 2942 creatus
1098 2869 1151 2941 est
1173 2848 1591 2940 Vexilliserfflo.1Baptista
1610 2840 1837 2945 Ridolphius,
1860 2857 1925 2904 tto·

568 2960 649 3053 bilis
679 2965 767 3040 idem
799 2993 841 3058 ac
876 2970 996 3060 dives,
1029 2973 1258 3063 omnibusque
1287 2989 1432 3045 natutae
1465 2969 1698 3065 fortunaeque
1736 2959 1835 3033 bonis
1869 2954 1924 3023 5¹¹·

569 3085 838 3178 struc‘lissimus,
868 3093 971 3182 ¹Sento
997 3111 1076 3183 post
1101 3093 1155 3164 die
1186 3088 1372 3162 cardinalis
1407 3089 1524 3172 urbem
1555 3087 1728 3175 ingressus
1757 3097 1836 3161 est,
1861 3095 1926 3144 co·

569 3203 770 3285 uitantibus
796 3214 941 3306 Prorege
960 3211 1188 3305 omnibusque
1222 3208 1293 3282 fere
1322 3205 1497 3290 exercitus
1526 3203 1694 3292 ducibus,
1721 3199 1810 3276 inter
1836 3214 1924 3288 quos

572 3344 648 3430 erat
686 3328 829 3402 Paludes
858 3329 938 3416 ille,
973 3330 1032 3402 cui
1065 3351 1160 3420 spem
1200 3328 1340 3414 dederat
1371 3323 1507 3417 imperii
1542 3343 1706 3399 summam
1742 3316 1919 3406 copiarum

574 3445 794 3535 Reipublicae
823 3449 1079 3542 committendi,
1114 3449 1252 3544 Donis,
1286 3471 1375 3544 qnae
1405 3446 1523 3540 Legati
1549 3425 1720 3526 Pontificii
1743 3437 1786 3518 ¹ab
1806 3433 1927 3508 amicis
1986 3481 1988 3486 -

574 3564 732 3658 accipere
760 3587 1037 3654 consueverant,
1061 3591 1102 3658 ac
1123 3567 1411 3664 gratulationibus
1440 3567 1498 3656 ille
1525 3568 1596 3653 dies
1624 3560 1815 3647 celebratus
1843 3571 1925 3636 ⁶⁸23

570 3684 639 3754 'sub
661 3709 843 3778 vesperum
867 3711 951 3763 veto
976 3689 1062 3763 adiit
1091 3691 1165 3781 ipse
1199 3711 1370 3779 summum
1393 3687 1650 3782 magistratum,
1677 3673 1925 3772 praeeuntibus

577 3801 713 3876 iuliano
737 3811 771 3878 dt
795 3809 998 3900 Laurentio·
1008 3809 1198 3908 Mediceis,
1224 3831 1370 3903 quorum
1395 3807 1447 3894 is,
1475 3821 1514 3876 ut
1544 3803 1707 3894 diximus,
1724 3797 1831 3881 ¹frater
1856 3814 1930 3868 etat

577 3921 803 4014 cardinalis,
834 3931 963 4029 quique
997 3949 1099 4018 antea
1119 3947 1264 4020 venerat
1294 3925 1505 4014 Florentiam
1539 3921 1694 4008 tentandi
1727 3939 1851 4001 caussa
1876 3914 1934 3986 ci·

561 4046 673 4138 stiunt
700 4025 852 4140 animos,
879 4051 939 4141 hic
969 4073 1085 4140 autem
1109 4049 1229 4140 ,fratris
1258 4045 1367 4134 filius,
1390 4046 1530 4116 Gratias
1559 4059 1728 4140 egerunt,
1753 4037 1848 4136 quod
1871 4057 1938 4107 re·

583 4157 769 4262 Wlfflin
788 4171 933 4260 patriam
962 4171 1138 4270 fuissent,
1171 4168 1334 4264 quodque
1364 4167 1516 4240 urbanae
1551 4187 1605 4236 res
1631 4160 1771 4244 Petrum
1780 4154 1937 4246 sapieu-
1998 4201 2001 4214 ·

586 4273 637 4348 25²
661 4295 794 4345 (ΟΜ
946 4293 1139 4368 instatura
1164 4289 1428 4382 pervenissent,
1460 4307 1566 4376 seque
1597 4305 1659 4372 pro
1689 4279 1821 4370 viribus
1853 4272 1941 4344 effe·

588 4391 706 4468 flur&
731 4280 1303 4516 mammis,
1327 4407 1594 4481 dissensionibus
1629 4400 1751 4472 civitas
1780 4379 1942 4466 liberare·

587 4535 672 4609 tur,
693 4519 768 4617 juta
797 4511 956 4611 legesque
982 4525 1094 4589 sertas
1115 4511 1346 4607 tenerem
1364 4517 1786 4586 mmmmm
1809 4524 1939 4576 meum

1830 4618 1888 4692 de·
