4386 5838
680 673 753 750 ‚rto
1093 656 1602 742 LEoNlSX.

630 777 715 848 ciuu
742 776 912 862 uenirent,
936 788 975 850 ut
990 775 1094 855 ¹nobis
1117 783 1244 856 notorie
1268 799 1399 858 constat
1423 808 1461 852 es
1491 783 1614 854 crebris
1639 775 1904 852 absolutionibus
1928 772 1961 852 6·

630 898 948 974 reltabilitatianibus
972 923 994 972 a
1018 888 1113 976 nobis
1138 901 1170 976 δ’
1199 905 1516 978 Praadecimtaous
1542 906 1662 973 uostris
1684 903 1798 996 potiris
1837 900 1869 972 6·
1904 899 1968 972 aa..

628 1022 727 1110 tentis
740 1045 754 1104 ,·
777 1022 862 1096 itan
888 1022 1092 1096 transistus
1117 1025 1193 1099 Rcr
1218 1047 1344 1098 nostros
1365 1032 1518 1123 paternis
1546 1027 1696 1106 monitis,
1723 1043 1879 1118 tanquam
1906 1043 1967 1094 vc·

632 1159 691 1245 rus
720 1139 925 1214 obedientiae
945 1141 1038 1230 filius
1073 1167 1194 1238 parcre
1224 1147 1369 1230 uolans,
1404 1168 1469 1220 tant
1504 1172 1567 1242 pro
1597 1148 1683 1217 dono
1728 1145 1967 1232 obedientiae,

633 1263 669 1330 t'rt
693 1283 759 1356 qua
796 1285 951 1357 magnum
984 1266 1132 1336 maritum
1168 1290 1247 1340 acre
1277 1269 1457 1354 consistit,
1502 1291 1600 1364 quatu
1626 1291 1690 1363 pro
1729 1269 1893 1338 conmuni
1923 1263 1969 1337 '6-

630 1380 770 1476 publrca
801 1383 914 1478 Regni
951 1384 1005 1455 sui
1038 1384 1180 1458 utilitato
1211 1389 1247 1458 in
1283 1375 1389 1460 locuta
1427 1391 1529 1462 dicire
1563 1392 1793 1486 Pragmaticae
1816 1388 1968 1457 Sandia-

634 1503 718 1584 nis,
746 1524 786 1572 ac
811 1503 1016 1601 singulorum
1039 1507 1270 1603 capitulorum
1295 1510 1332 1579 in
1364 1531 1405 1581 aa
1445 1529 1671 1583 contenanum
1699 1505 1847 1606 leges&
1881 1531 1972 1614 con-

634 1629 823 1698 stitutioncs
859 1623 1090 1720 infrascriptos
1126 1631 1266 1702 inuicem
1296 1632 1480 1714 trudatur,
1514 1630 1645 1704 &cunt
1687 1629 1864 1702 Fratribus
1901 1645 1971 1698 no-

635 1749 714 1843 stris
744 1747 778 1816 S.
820 1747 862 1816 R.
892 1747 933 1818 Ε.
977 1748 1211 1824 Cardinolilus
1251 1751 1428 1847 diligenter
1466 1754 1672 1824 examinatas
1708 1747 1741 1821 ὃν
1779 1751 1820 1820 de
1861 1769 1973 1819 eamn

635 1863 775 1936 consilio
799 1886 872 1936 cum
892 1869 1046 1961 praefato
1070 1870 1166 1954 Reae
1190 1873 1408 1945 concordatas
1429 1895 1495 1967 par
1529 1871 1679 1944 litonum
1709 1865 1818 1972 filiurn
1856 1867 1973 1961 Roge-

634 1989 720 2056 rium
746 1985 870 2059 Barna
895 1991 1019 2084 regium
1052 1992 1252 2086 aduocatum
1289 2011 1450 2064 oratorem
1488 2013 1584 2063 suunt
1618 1999 1663 2060 ad
1697 1989 1760 2060 ltoc
1795 1987 1838 2059 ab
1861 1989 1972 2059 eadent

634 2107 819 2183 francisco
849 2108 939 2205 llige
964 2111 1010 2182 ud
1031 2133 1093 2184 uos
1118 2114 1338 2194 destinatum,
1382 2113 1556 2186 dolentem
1589 2113 1635 2184 ad
1660 2111 1724 2183 lroc
1760 2108 1905 2204 speciale
1939 2103 1972 2176 d·

634 2221 800 2320 sufficiens
830 2233 1038 2309 mandatam.
1063 2235 1276 2326 acceptarit.
1301 2235 1537 2325 Quamquam,
1556 2238 1611 2308 vel
1637 2235 1741 2324 ipsius
1767 2230 1865 2322 Regis
1882 2225 1988 2298 testi·-

634 2347 772 2434 mouio,
798 2369 857 2446 per
876 2373 943 2430 ea,
969 2375 1148 2443 quaecum
1166 2357 1277 2424 [eone
1303 2351 1419 2442 patius
1445 2371 1540 2439 erat,
1565 2352 1838 2446 gravissimorum
1863 2346 1973 2417 malo·

632 2491 710 2541 rum
735 2469 863 2541 semina
887 2469 1021 2542 sublata
1044 2471 1199 2556 suerint,
1224 2475 1368 2545 &natus
1393 2489 1527 2560 tamen,
1544 2471 1775 2546 &Academia
1809 2469 1977 2539 Parisien·

631 2587 704 2674 ais,
728 2592 761 2661 or
786 2588 982 2664 Gallicanus
1009 2592 1119 2664 clerus
1146 2593 1264 2664 iisdem
1289 2596 1573 2674 intercesserunt,
1614 2592 1863 2683 aegerrimeque
1888 2585 1976 2659 tule-

633 2727 717 2780 runt
741 2710 807 2783 sibi
831 2711 901 2785 vim
921 2711 1061 2786 inlatam
1083 2711 1207 2800 fnisse,
1230 2735 1408 2786 trecorum
1426 2714 1732 2807 promulgationem
1753 2709 1973 2801 impedirent.

633 2824 845 2910 clamoribus
871 2849 962 2934 certe
987 2833 1140 2906 maxirnis
1163 2833 1385 2907 ostenderunt
1409 2836 1508 2926 plane
1533 2857 1633 2918 esse,
1656 2831 1750 2927 quod
1786 2829 1867 2901 ferri
1904 2849 1975 2898 non

635 2971 773 3042 possett
799 2953 895 3048 parta
919 2952 977 3030 illa
1001 2954 1094 3026 olere
1116 2952 1277 3026 malitiam
1302 2960 1336 3026 dr
1372 2953 1614 3042 calliditatem,
1655 2977 1731 3026 cum
1747 3045 1750 3050 Ι
1766 2955 1840 3021 Rex
1873 2973 1976 3019 asstr-

634 3088 753 3162 passet
777 3073 865 3156 sibi,
888 3096 976 3168 quae
1002 3074 1096 3147 omni
1122 3093 1234 3146 aetate
1258 3073 1394 3146 socrant
1408 3072 1640 3164 Collegiorum
1664 3071 1826 3162 propria.
1843 3073 1977 3140 Contra

635 3189 705 3264 Leo
730 3216 817 3285 quae
842 3191 994 3270 fecerat,
1018 3216 1055 3266 sc
1079 3192 1173 3284 pacis
1196 3193 1345 3288 bonique
1370 3191 1493 3284 publici
1517 3211 1639 3262 caussa
1663 3187 1784 3260 fecisse
1809 3185 1976 3262 clamabat

632 3329 739 3406 atque
764 3313 976 3393 testabatur,
998 3312 1159 3408 quodque
1184 3311 1225 3383 iis
1248 3309 1393 3384 Concilii
1415 3305 1548 3382 sannio
1577 3308 1777 3392 accesserit,
1804 3306 1838 3376 id
1852 3327 1977 3398 magno

638 3450 839 3520 argumento
865 3455 939 3506 esse
964 3434 1120 3516 dicebat,
1144 3455 1182 3502 se
1207 3431 1243 3504 in
1265 3433 1305 3502 iis
1328 3428 1546 3503 decernendis
1579 3425 1685 3500 fuisse
1710 3432 1743 3498 dr
1767 3425 1978 3499 moderatum

636 3551 671 3620 δι
699 3551 922 3646 prudentem.
948 3552 1100 3627 Tandem
1125 3576 1201 3626 cum
1223 3551 1368 3642 septimo
1394 3549 1436 3622 ad
1461 3545 1545 3621 illud
1568 3547 1740 3632 uenisset,
1765 3547 1859 3638 quod
1890 3543 1979 3618 acci·

637 3667 687 3742 dit
713 3685 814 3750 xutt.
841 3668 916 3742 Kal.
939 3669 1072 3762 Apriles
1099 3695 1154 3746 an.
1179 3687 1333 3746 moxvtt·
1355 3670 1473 3742 omnia
1494 3669 1569 3762 ejus
1595 3665 1667 3739 acia
1690 3665 1914 3758 approbavit,
1940 3661 1980 3735 fi·

633 3810 780 3884 nemque
802 3787 849 3864 itlt
875 3789 1058 3880 imposuit.
1084 3796 1122 3884 ln
1147 3793 1213 3865 hac
1237 3789 1390 3864 solemni
1413 3787 1623 3862 caerimonia
1647 3809 1719 3858 rem
1744 3786 1895 3856 divinam
1929 3781 1977 3856 fa·

636 3911 682 3986 dt
712 3908 769 3984 ille
792 3910 864 4004 ipse
890 3911 1116 3987 Bernartius
1139 3909 1325 4004 &curialis
1350 3909 1573 3992 Gandaritis,
1610 3907 1670 4004 qui
1698 3907 1821 3996 primas
1858 3921 1972 3994 partui

635 4047 754 4119 egerat
780 4030 817 4104 in
838 4048 1014 4104 conventu
1039 4030 1188 4111 Pisano,
1212 4051 1256 4100 cx
1280 4051 1373 4120 qno,
1399 4030 1451 4102 uti
1475 4031 1651 4114 diximus,
1678 4027 1719 4102 ad
1739 4047 1840 4098 omne
1864 4024 1973 4099 scius·

634 4149 734 4222 nato
762 4149 949 4238 pesculum
982 4149 1203 4228 armandum
1227 4143 1384 4223 caussam
1405 4148 1526 4222 habuit
1563 4147 1670 4219 lolius
1694 4151 1734 4219 11.
1769 4167 1896 4220 novum
1936 4165 1976 4220 ac

626 4265 824 4358 ,legitimam
848 4269 1064 4346 convocandi
1089 4271 1218 4344 Romae
1240 4261 1451 4350 Concilium,
1474 4267 1576 4362 qnod
1593 4267 1717 4340 fficium
1742 4281 1794 4336 est
1831 4263 1975 4340 Latera·

637 4407 746 4458 ttanse
773 4401 812 4456 v,
837 4385 937 4460 Nulla
963 4413 1044 4470 varo
1069 4413 1141 4464 uon
1165 4389 1267 4466 laudo
1290 4389 1380 4462 iliius
1403 4391 1518 4460 Patres
1538 4385 1762 4494 celebrandos
1788 4409 1863 4458 esse
1899 4407 1971 4476 pu-

540 4497 542 4503 ’
635 4519 762 4592 tamus,
801 4504 862 4600 qui
896 4505 943 4594 nil
982 4507 1120 4587 sacculo
1152 4508 1392 4604 hdtdgendun
1421 4530 1498 4584 osse
1538 4517 1728 4604 purarum,
1751 4499 1969 4578 sanissimis
