4372 5842
677 677 709 746 v
756 707 760 714 ·
802 675 818 746 l
913 680 947 755 τ
1043 683 1076 755 Α
1149 735 1152 742 .
1452 700 1518 768 ass

241 793 289 871 sit
312 791 442 889 (¹38l·
465 789 597 866 Dicitur
623 796 723 868 errans
747 819 847 881 eum,
869 799 898 872 si
921 823 1009 894 quae
1026 797 1181 874 barma
1203 799 1280 895 iura
1316 801 1469 878 nonam
1507 804 1578 874 ltc-

238 917 342 991 clesia
366 919 400 988 in
427 918 598 987 civitatem
623 913 739 1006 illam,
760 921 974 995 transtulisse
997 925 1033 996 in
1057 921 1307 1016 Rempublicaut
1331 919 1573 995 Florentinam.

163 1131 166 1138 Ι
242 1038 320 1108 Νοιι
345 1036 466 1112 minori
491 1037 749 1114 honoreaffecit
766 1037 983 1116 Pisciensium
1007 1049 1144 1132 urbem,
1168 1061 1311 1136 rogatu,
1336 1061 1376 1113 ut
1399 1063 1503 1130 reor,
1523 1039 1577 1110 ci·

246 1155 299 1228 vis
325 1153 413 1258 illius
438 1153 642 1228 balthasaris
668 1159 826 1240 Turinii,
857 1185 956 1256 quern
995 1163 1229 1237 charissimum
1259 1161 1405 1235 habebat
1438 1165 1578 1252 propter

245 1275 445 1367 opinionem
471 1275 594 1368 ingenii
616 1283 650 1350 bt
673 1278 880 1369 perspediam
903 1281 1026 1386 fidem,
1048 1306 1215 1377 quemque
1240 1283 1417 1356 Datarium
1441 1302 1578 1354 creave-

243 1417 298 1470 rat
320 1393 450 1489 (139).
475 1397 606 1468 Exemit
630 1399 722 1468 enim
747 1397 836 1471 illam
860 1399 1092 1497 jurisdidlione
1118 1404 1278 1474 Lucensis
1298 1399 1576 1489 Archiepiscopi,

246 1517 500 1591 canonicorum
526 1517 702 1612 collegium
735 1521 770 1592 in
795 1522 1120 1610 ipsa-instituimur
1145 1545 1243 1608 eum,
1268 1522 1326 1614 qui
1350 1519 1582 1610 huicpraees·

245 1654 326 1722 set,
351 1639 625 1710 caerimoniarum
651 1646 885 1713 &sacrorum
922 1642 1107 1712 antistitem
1146 1640 1352 1712 declaravit.
1397 1640 1577 1709 Lauretum

244 1757 469 1848 singularibus
492 1758 666 1830 beneficiis
689 1759 892 1830 decoravit.
920 1763 1005 1831 Nam
1031 1761 1076 1833 ibi
1100 1785 1235 1854 quoque
1260 1783 1335 1830 esse
1372 1756 1483 1827 uoluit
1516 1761 1583 1825 Ca·

247 1879 420 1962 nonicos,
445 1879 504 1971 qui
528 1903 596 1951 rena
621 1879 771 1950 divinam
797 1878 981 1962 facerent„
996 1879 1184 1974 horumque
1208 1880 1493 1972 Praesidern,qui
1509 1899 1583 1953 tum
1611 1859 1616 1866 ”

246 2019 320 2068 erat
344 2001 462 2070 Petrus
487 1997 658 2070 Antonius
683 2001 874 2081 Perottus,
900 1999 1006 2071 sacris
1029 2018 1223 2090 operantem
1261 1998 1502 2091 episcopalibus
1529 2000 1584 2070 in·

248 2116 402 2210 signibus
427 2116 655 2188 uenerabilem
682 2115 788 2202 fecit,
813 2117 987 2210 eidemque
1013 2123 1202 2204 concessit,
1227 2137 1265 2190 ut
1290 2120 1395 2190 sacris
1419 2137 1582 2208 operatus
1612 2103 1614 2112 ¹

247 2236 334 2308 bene
359 2235 482 2328 populo
506 2257 697 2326 precaretur
722 2238 792 2309 ritu
812 2239 1055 2326 Episcoporum
1079 2243 1236 2330 proprio,·
1260 2239 1376 2310 urbem
1401 2238 1581 2310 moenibus

255 2338 381 2443 cinric,
407 2355 530 2437 fossis,
546 2357 739 2448 aggeribus,
761 2355 1022 2448 propugnaculis
1038 2359 1215 2449 aeneisque
1229 2359 1407 2432 tormentis
1422 2357 1584 2445 munivit,

249 2478 286 2547 B.
305 2478 357 2572 M.
382 2467 421 2544 V.
447 2473 606 2571 templum
631 2473 756 2562 donis,
782 2477 1115 2571 immunitatibusque
1150 2480 1269 2566 auxit,
1302 2479 1450 2568 dumque
1477 2500 1581 2548 man-

253 2595 370 2682 darit,
395 2596 674 2690 quemadmodum
700 2596 814 2688 paullo
839 2622 940 2689 supra
964 2600 1156 2682 innuimus,
1187 2597 1378 2670 Sansovino
1417 2597 1587 2668 nobilissi-

252 2739 310 2788 mo
345 2719 512 2790 statuario
537 2772 548 2806 ‚
574 2739 613 2794 ut
638 2720 754 2794 cellam
779 2719 989 2794 extrinsecus
1014 2739 1173 2806 ornaret,
1199 2721 1260 2790 sibi
1285 2720 1400 2810 utique
1420 2719 1454 2788 in
1470 2717 1581 2786 animo

250 2859 329 2912 esse
351 2837 434 2910 dixit
458 2837 528 2912 tale
551 2839 662 2912 moliri
685 2863 794 2930 opus,
820 2841 912 2933 quod
937 2838 972 2908 in
997 2863 1103 2928 parva
1128 2839 1215 2911 mole
1239 2861 1373 2911 omnem
1397 2838 1486 2909 illius
1511 2857 1602 2906 sae·¹

252 2958 319 3032 mli
343 2959 622 3054 magnificentiam
646 2962 817 3034 vinceret.
843 2961 974 3032 Patriae
1000 2959 1250 3031 amantissimus
1279 2963 1350 3055 ejus
1386 2955 1585 3051 dignitatern

255 3061 595 3168 amplificivit‚‚cun
619 3079 669 3160 de
684 3101 825 3152 numero
850 3080 1165 3154 Protonotatiorum
1199 3079 1472 3169 Apostolicorum
1489 3110 1494 3117 ·
1510 3099 1586 3150 esse

254 3197 406 3291 jussisset
429 3179 623 3297 canonicos
647 3202 779 3295 majoris
804 3199 938 3290 templi,
974 3205 1008 3270 δι
1037 3198 1224 3283 ,basilicae
1245 3201 1277 3268 S.
1315 3197 1518 3281 Laurentii,
1536 3214 1584 3267 ιιι

256 3318 371 3412 ajunt,
398 3317 568 3402 Priorem,
590 3326 625 3392 bt
648 3322 733 3395 haec
756 3320 918 3412 collegia,
943 3341 1086 3411 quorum
1109 3319 1180 3407 ipse
1200 3319 1310 3396 decus
1330 3322 1363 3390 tr
1381 3316 1494 3389 lumen
1514 3314 1588 3396 fue·

254 3453 331 3524 rat,
357 3437 430 3509 aliis
459 3439 646 3526 bonoribus
671 3441 912 3514 honestasset.
944 3442 1072 3508 Extant
1112 3427 1214 3512 etiam
1254 3439 1388 3516 litterae
1425 3437 1586 3509 illiuseo

257 3572 408 3650 tempore
431 3558 554 3643 datae,
581 3581 650 3656 quo
675 3561 827 3650 Bononia
852 3557 1058 3630 Florentiam
1079 3557 1248 3644 redierat,
1273 3559 1394 3649 quibus
1411 3582 1451 3630 ea
1471 3556 1590 3630 omnis
1669 3627 1671 3630 .

252 3674 429 3769 privilegia
452 3673 583 3767 (140),
607 3674 879 3769 jurisdictiones,
903 3679 1128 3749 immunitates
1153 3683 1188 3750 δι
1211 3677 1371 3750 beneficia
1394 3673 1482 3758 (illa
1507 3675 1589 3766 qui-

254 3793 332 3869 dem
359 3795 596 3888 amplissima)
620 3820 708 3889 quac
733 3821 753 3868 a
777 3797 991 3884 Carolosru.¹
1011 3799 1169 3888 Augusto
1193 3801 1226 3867 bt
1253 3821 1272 3868 a
1297 3797 1459 3872 Romanis
1493 3797 1588 3864 Pon-

255 3915 405 3992 tificibus
430 3938 593 3990 concessa
616 3917 751 3990 fuerant
777 3916 870 3990 illius
907 3918 1000 3990 urbis
1042 3915 1343 4004 Archiepiscopis,
1380 3914 1587 3988 renouauit.

253 4035 347 4108 Nihil
376 4059 456 4109 uero
476 4039 568 4131 prius
591 4037 653 4106 sibi
679 4033 870 4108 faciendum
896 4035 1056 4127 putauit,
1080 4059 1182 4127 quam
1207 4053 1245 4104 ut
1271 4037 1415 4121 Lyceum
1440 4031 1589 4103 Floren-

256 4155 388 4240 tinum,
412 4157 448 4234 in
472 4179 542 4254 quo
567 4155 736 4231 dodlrinae
762 4158 908 4248 insignia
933 4171 1131 4242 acceperat,
1157 4175 1219 4244 per
1239 4175 1276 4222 se
1311 4176 1445 4245 quoque
1468 4153 1587 4226 iisdem

257 4275 385 4371 juribus
410 4275 650 4362 decoraretur,
673 4275 797 4368 quibus
824 4295 937 4348 cetera
958 4273 1143 4350 illustriora
1160 4273 1274 4344 ltaliae
1298 4273 1590 4364 Gymnasia'gatt-

258 4392 404 4468 debant.
433 4391 687 4478 Volaterranis,
719 4417 862 4486 quorum
888 4397 1088 4465 miserae&
1113 4389 1255 4466 asrieae
1283 4389 1442 4463 fortunae
1468 4392 1591 4463 durio.

257 4532 315 4590 res
340 4533 468 4607 seraper
488 4533 525 4588 su
549 4516 772 4608 praebuerant
798 4513 1023 4687 Ploreussnif,
1044 4531 1127 4590 suos
1170 4529 1302 4600 ueteres
1344 4510 1589 4606 magistratus,
