4472 5828
772 619 805 688 V
906 629 922 694 l
1016 624 1050 696 T
1149 627 1178 695 ll
1590 633 1629 716 33

360 753 518 830 teretur,
544 743 820 834 sequioptasset
843 745 1042 816 Pontificem
1069 744 1104 815 in
1129 745 1281 826 itinere,
1305 745 1397 838 quod
1432 744 1516 816 fecit
1550 767 1692 835 recupe-

352 865 451 936 randi
478 875 599 934 caussa
624 867 795 936 Perusiam
820 869 853 938 u
879 868 1094 954 Bononiam,
1128 887 1274 958 quorum
1312 865 1413 938 illaa
1452 865 1689 952 Ballionibus,

351 988 437 1056 baec
464 1011 483 1055 a
508 985 696 1056 Benrivolis
721 987 919 1058 tenebatur.
944 990 1027 1058 Nam
1051 1011 1127 1060 cum
1155 1013 1211 1078 per
1236 985 1341 1058 multa
1371 989 1594 1058 Etruscorum
1619 1010 1686 1076 op-

353 1106 432 1197 pida
457 1109 700 1178 transeundum
727 1107 776 1176 illi
800 1131 911 1215 esset,
938 1109 1095 1196 sperabat
1121 1130 1220 1196 posse
1248 1130 1284 1178 se
1311 1105 1409 1178 facile
1433 1108 1616 1178 multorum
1640 1104 1691 1175 al·

350 1228 454 1302 licere
479 1229 703 1298 voluntates.
728 1229 791 1299 Sed
816 1224 937 1314 Julius,
962 1231 1117 1322 quitum
1143 1229 1388 1300 aFlorerrtinis
1402 1226 1549 1298 militum
1574 1225 1685 1296 subsi-

351 1338 407 1418 dia
432 1348 599 1436 petebat,
622 1347 670 1416 nil
697 1351 977 1427 committendum
1001 1351 1162 1439 putavit,
1186 1348 1279 1440 quod
1305 1345 1440 1417 illorum
1466 1370 1485 1414 a
1508 1369 1543 1415 se
1570 1367 1686 1436 posset

261 1550 264 1556 Ι
346 1466 497 1542 alienare
523 1467 663 1547 studia,
690 1490 752 1536 nec
779 1468 844 1538 sibi
869 1468 979 1540 solum
1005 1469 1204 1556 consuluit,
1243 1469 1302 1538 sed
1340 1465 1457 1536 multis
1495 1465 1625 1546 etiam,
1650 1465 1688 1534 itt

349 1589 473 1679 quibus
509 1592 650 1679 majores
685 1589 750 1660 mei
793 1590 932 1660 suerunt
963 1591 1075 1681 (18),
1102 1589 1245 1680 benigne
1278 1585 1387 1658 secit.
1414 1585 1683 1676 Diligentissime
1747 1671 1749 1676 Ι

347 1730 485 1799 quoque
511 1707 576 1776 sibi
601 1707 783 1779 videndum
809 1711 946 1798 pulavit
976 1713 1148 1794 loannes,
1172 1731 1254 1778 num
1280 1726 1322 1778 ert
1345 1704 1466 1794 optimi
1493 1711 1525 1776 δι
1555 1689 1684 1794 poten?-

347 1827 472 1898 tissimi
497 1829 598 1921 Regis
624 1831 827 1905 ferdinandi
852 1831 1042 1916 Catholici,
1068 1829 1128 1924 qui
1154 1829 1271 1900 iisdem
1298 1825 1505 1914 temporibus
1543 1823 1578 1892 in
1613 1828 1683 1894 lte·

346 1945 426 2018 liam
452 1951 547 2021 venit
569 1951 613 2021 ad
637 1951 858 2020 moderandas
884 1973 937 2022 res
966 1951 1184 2040 Neapolitani
1208 1950 1343 2040 Regni,
1367 1945 1460 2040 quod
1485 1947 1520 2016 in
1545 1969 1608 2014 sua
1630 1945 1684 2016 di·

346 2068 442 2138 tione
467 2087 704 2160 potestateque
743 2091 835 2151 erat,
862 2067 1104 2142 benevolentia
1140 2069 1348 2156 praesidium
1382 2065 1448 2136 sibi
1486 2087 1682 2154 comparare

347 2188 516 2274 potuisset
548 2188 590 2258 ad
615 2167 748 2258 omnem
773 2209 899 2262 statum
939 2187 1116 2279 dignitatis
1156 2212 1258 2274 suae,
1289 2210 1355 2258 nec
1388 2209 1470 2256 sane
1498 2184 1685 2276 quidquam

245 2331 246 2334 ’
345 2307 571 2394 praetermisit
586 2310 716 2400 ,quod
741 2311 904 2380 siminus
932 2312 966 2380 in
991 2331 1151 2398 praesens
1175 2327 1334 2399 tempus,
1365 2323 1399 2377 at
1432 2306 1466 2375 in
1506 2322 1680 2394 posterum

340 2428 407 2502 sibi
420 2427 504 2500 sore
528 2428 756 2500 emolumento
791 2429 1037 2518 praevidisset.
1060 2435 1111 2500 lta
1135 2452 1218 2500 vero
1243 2451 1281 2498 se
1308 2428 1444 2521 gerebat
1474 2449 1551 2495 cum
1587 2427 1680 2506 Pon·

343 2549 460 2637 tifice,
485 2551 546 2642 qui
566 2548 610 2620 nil
635 2550 701 2620 uisi
734 2549 856 2620 durum
887 2553 919 2620 b<
947 2547 1063 2622 serunt
1104 2550 1284 2642 cogitabat¹
1309 2569 1414 2640 atque
1452 2543 1681 2638 loquebatur,

343 2688 382 2740 ut
405 2667 459 2740 illi
481 2671 598 2759 potius
625 2669 864 2753 blandiretur,
889 2694 991 2762 quam
1015 2687 1136 2740 contra
1162 2668 1310 2751 diceret,
1331 2665 1582 2756 occupationes
1605 2669 1680 2762 ejus

342 2789 557 2872 observans,
583 2807 783 2880 tempusque
810 2811 1012 2878 aucupans,
1038 2812 1084 2860 ne
1100 2807 1257 2880 ¹uuquam
1283 2787 1458 2859 molestus
1478 2787 1678 2858 accederet.

337 2909 480 2982 ¹Secreto
505 2907 609 2980 etiarn
635 2906 781 2978 consilia
804 2908 910 2978 inibat
934 2931 1010 2980 cum
1035 2907 1226 3002 iunioribus
1251 2907 1517 2994 Cardinalibus,
1543 2911 1577 2978 bc
1607 2927 1678 2976 non

337 3051 440 3099 secus
467 3052 506 3098 ac
527 3029 557 3099 si
582 3051 624 3102 err
640 3029 776 3118 specula
794 3029 908 3121 aliqua
932 3026 1137 3118 perspiceret
1159 3048 1412 3120 tempestatem,
1433 3051 1519 3122 quae
1546 3023 1676 3116 patriae

340 3147 580 3238 impendebat,
612 3147 743 3220 nullum
776 3169 929 3234 motum,
981 3144 1110 3223 nullam
1148 3149 1409 3222 conversionem
1452 3169 1564 3218 rerum
1602 3141 1677 3214 fore

337 3262 566 3361 intelligebat,
585 3271 671 3362 quin
700 3269 802 3342 facile
827 3269 881 3340 sui
897 3283 1110 3362 suorumque
1141 3269 1302 3342 fortunae
1327 3269 1517 3360 prospicere
1543 3261 1678 3356 potuis·

336 3407 414 3459 set.
437 3392 517 3481 Qua
542 3389 579 3459 in
604 3413 640 3462 re
660 3389 838 3463 'mirificam
855 3389 1053 3484 adjutricem
1082 3389 1184 3460 etiam
1214 3390 1334 3462 habuit
1352 3385 1544 3458 Lucretiam
1574 3403 1670 3453 soro·

329 3529 404 3576 rem
429 3529 571 3600 nuptam
594 3514 718 3583 Jacobo
738 3511 909 3597 Saluiam,
936 3511 1033 3602 cujus
1060 3509 1128 3580 viri
1145 3505 1345 3590 autioritate
1362 3504 1460 3578 multi
1476 3485 1672 3572 Florentiae

333 3633 588 3719 movebantur,
614 3633 747 3722 quique
772 3629 946 3723 religionis
973 3637 1094 3702 c'aussa
1119 3629 1265 3704 nonsit
1302 3626 1387 3730 lavit
1424 3618 1672 3704 savonarolae,

333 3769 500 3823 etvetus
532 3777 631 3823 suum
657 3753 807 3825 studium
829 3773 913 3843 erga
941 3752 1115 3852 Mediceds
1149 3747 1371 3840 deportarit,
1409 3745 1515 3846 Erant
1543 3744 1576 3810 ὃ(
1617 3735 1676 3810 alii

336 3869 450 3963 plures
486 3895 507 3942 e
541 3874 765 3962 patriciorum
807 3894 968 3959 nurnero,
998 3871 1055 3962 qui
1096 3867 1146 3938 ita
1178 3868 1409 3970 sequebantur
1441 3861 1678 3936 Mediceorun

335 4009 509 4078 caussam,
543 3993 645 4064 utin
678 3995 779 4088 hujus
804 3995 944 4068 villaria
970 3991 1115 4066 salutem
1151 4011 1247 4060 suam
1274 3992 1308 4059 uc
1339 3981 1556 4074 Reipublicae
1580 3977 1676 4068 posi-

196 4182 206 4194 .
304 4127 403 4183 'tam
427 4135 502 4192 esse
533 4115 807 4204 arbitrarentura
840 4115 900 4188 sed
938 4111 993 4189 ille
1034 4130 1217 4204 perpetuus
1246 4102 1420 4180 Vexilliser
1455 4099 1674 4180 Soderiuius,

309 4269 312 4274 ·
333 4234 490 4324 quamvis
517 4255 693 4326 cogeretur
723 4233 848 4308 multae
880 4237 1043 4306 devorare
1071 4229 1268 4328 molestias,
1292 4247 1364 4294 non
1389 4220 1453 4293 ulli
1477 4235 1588 4290 tamen
1613 4233 1674 4299 pe·

326 4348 443 4422 ,riculo
462 4351 620 4430 submisit
637 4355 784 4428 animum
808 4375 932 4440 suum,
959 4354 1159 4446 firmumque
1184 4345 1349 4444 populum
1373 4341 1415 4422 ed
1440 4329 1601 4420 tuendum
1629 4325 1671 4416 li,-

336 4475 504 4560 bertatsut
522 4475 663 4580 effepit.
960 4583 990 4664 f.

976 4597 978 4602 ’
1014 4605 1037 4655 e
1101 4649 1102 4654 u
