4372 5842
635 672 704 744 906
1012 673 1520 773 LEQNISX.

579 791 747 881 dignitate
773 793 805 862 a
833 815 851 862 e
876 794 1078 883 Republica,
1104 823 1179 868 cum
1195 823 1281 890 quae
1308 799 1392 870 inse
1415 819 1514 870 erant
1538 788 1652 880 bona,
1678 797 1712 868 in
1738 795 1917 888 aliisquo-

581 893 904 1002 queprovehebar,
930 915 1058 986 nullum
1083 943 1189 1008 genus
1216 919 1403 990 industriae
1429 918 1625 1010 negligens,
1662 917 1755 1008 quod
1779 919 1824 987 ad
1848 943 1917 990 rem

581 1030 776 1103 litterariam
801 1035 1114 1140 quomodocumque
1140 1040 1355 1128 pertinebat.
1380 1041 1467 1110 llmc
1494 1038 1641 1118 saalum,
1676 1054 1715 1106 ut
1742 1035 1819 1106 Aldi
1843 1039 1915 1106 Ma·

588 1153 674 1221 aurii
698 1151 792 1222 laudi
814 1153 992 1240 plurimum
1019 1159 1166 1245 faverit,
1191 1160 1304 1250 quod,
1329 1177 1509 1232 comesset
1535 1157 1606 1249 ipse
1629 1155 1770 1226 Graecis
1795 1160 1828 1226 ὃι
1854 1158 1920 1224 La-

583 1270 663 1340 tinis
688 1269 806 1340 litteris
833 1275 1102 1360 eruditissimus,
1129 1301 1269 1364 eorum,
1296 1278 1430 1370 quibis
1457 1276 1754 1359 antecelluissent,
1787 1273 1915 1362 scripta

587 1391 680 1487 typis
706 1387 962 1479 elegantissimis
986 1397 1019 1466 in
1045 1397 1167 1489 vulgus
1189 1417 1363 1488 spargeret
1388 1395 1618 1485 (117).Pari
1643 1393 1744 1464 modo
1787 1412 1918 1462 ceteros

581 1512 778 1601 hujusmodi
802 1511 948 1582 artifices
985 1511 1091 1600 fovit,
1118 1522 1175 1600 bt,
1199 1521 1466 1610 quibuscumque
1491 1519 1602 1608 potuit
1641 1515 1764 1593 rebus,
1799 1511 1921 1611 auxit

583 1635 747 1738 quodque
771 1632 875 1702 lulius
899 1653 940 1710 ιι.
962 1634 1057 1742 apud
1090 1637 1216 1724 Fanum
1243 1641 1412 1710 Fortunae
1437 1663 1510 1710 esse
1556 1635 1713 1710 voluerat
1751 1651 1921 1719 typogra-

563 1753 700 1854 ‘phium
729 1753 926 1845 Arabieum,
954 1755 1013 1832 cui
1034 1776 1190 1851 praeerat
1216 1759 1395 1850 Gregorius
1421 1758 1586 1848 Georgius
1614 1758 1797 1852 Venetus,
1830 1749 1921 1834 huuc

584 1869 823 1969 liberalitatem
847 1896 941 1941 suam
968 1874 1095 1948 frustra
1119 1876 1335 1970 implorare
1320 1877 1455 1954 minime
1482 1898 1633 1966 passus
1629 1894 1705 1944 est.
1758 1867 1763 1878 ’

660 2081 664 2091 ι
687 1995 723 2086 ln
750 2009 790 2060 eo
815 2015 948 2083 quoque
974 1995 1095 2064 Leonis
1112 1997 1358 2090 humanitatem
1375 2017 1558 2088 agnosces,
1578 1995 1668 2086 quod
1686 1993 1830 2085 musices
1845 2012 1925 2078 per·

586 2108 765 2190 §attiliosus
788 2108 914 2206 fuerit.
941 2115 1070 2184 Natura
1093 2115 1126 2202 ei
1153 2139 1271 2190 vocern
1300 2093 1437 2200 suavem
1464 2120 1494 2182 δι
1532 2136 1708 2208 teneram,
1747 2133 1835 2202 quae
1870 2111 1923 2196 vel

587 2230 625 2324 ,in
650 2229 806 2330 ‚familiari
832 2256 984 2329 sermone
1009 2258 1089 2330 eos,
1118 2237 1175 2328 qui
1194 2237 1404 2326 ‘audiebenm
1427 2237 1548 2306 mirum
1570 2235 1605 2326 in
1624 2233 1758 2324 morium
1779 2229 1924 2318 permul-

588 2348 689 2446 ,c'ebat
712 2368 816 2452 ,³quss
841 2349 1031 2448 alliciebat,
1057 2378 1220 2448 auresque
1245 2355 1501 2446 delicatissimas
1526 2357 1691 2448 (lederet,
1716 2373 1779 2442 nec
1804 2347 1928 2441 desue-

594 2491 674 2552 ‚tant
699 2472 893 2568 peritissimi
914 2475 1058 2562 masiel,
1084 2474 1143 2565 qui
1165 2493 1308 2564 njaturae
1331 2475 1552 2566 adjungerent
1577 2473 1782 2564 doclrinam
1807 2454 1924 2538 utvel

597 2612 617 2658 a
647 2591 767 2662 teneris
795 2593 889 2688 annis
913 2592 997 2662 satis
1023 2595 1168 2664 scienter
1194 2600 1226 2664 bt
1252 2613 1388 2668 caneret
1426 2599 1459 2664 δι
1497 2592 1682 2684 psalleret.
1722 2589 1925 2678 Disputabat

559 2767 561 2772 ,
596 2709 698 2778 etiam
722 2707 863 2809 libenter
889 2712 929 2780 de
956 2713 1046 2780 tonis
1071 2719 1104 2783 δι
1132 2713 1288 2797 chordis,
1321 2733 1461 2807 totaque
1487 2697 1711 2786 numerortun'
1728 2708 1929 2799 proportio-

594 2851 666 2913 ne,
690 2831 900 2928 habebatque
929 2831 962 2899 in
986 2831 1059 2920 ipso
1084 2831 1264 2916 cubicum,
1283 2835 1324 2930 in
1350 2857 1419 2926 quo
1446 2836 1589 2909 cubabat
1609 2885 1618 2914 ,
1643 2833 1927 2915 instrumentum,

593 2971 710 3058 quo
688 2973 723 3021 so
748 2927 949 3060 exerceret,
974 2956 1007 3020 bc
1045 2943 1213 3025 uiuorum
1246 2979 1385 3029 suorum
1421 2955 1586 3028 rationem
1628 2949 1805 3040 redderet.
1838 2947 1928 3036 Paris

595 3071 755 3180 Grassius
777 3029 988 3176 mentionem
1015 3071 1118 3183 etiam
1153 3070 1235 3143 lecit
1274 3075 1448 3164 cujusdam
1490 3069 1753 3150 monochordii,
1752 3067 1926 3173 quoda

598 3189 759 3300 Pontifice
785 3215 820 3285 se
844 3193 936 3290 dono
961 3191 1127 3296 *accepisse
1152 3211 1295 3264 narrat.
1321 3200 1351 3265 ls
1377 3221 1452 3270 cum
1475 3195 1636 3284 scriberet
1655 3191 1696 3262 ad
1716 3187 1929 3280 Franciecunt

598 3311 737 3418 Mariam
763 3311 1026 3419 Metaurensium
1048 3313 1198 3403 Ducem,
1225 3334 1463 3404 commemorat
1486 3313 1663 3405 quemdam
1679 3316 1838 3384 loannem
1858 3309 1931 3377 Ma·

597 3425 683 3501 riam
694 3407 935 3510 Germanum,
960 3455 1058 3526 quent
1081 3433 1164 3504 artis
1190 3433 1339 3508 musicae
1367 3433 1625 3520 peritissimum
1656 3451 1821 3519 suumque
1848 3449 1929 3499 sane

601 3570 807 3636 perveterem
833 3548 1031 3623 familiarem
1057 3580 1130 3627 esse
1154 3555 1264 3644 (licit,
1286 3554 1406 3646 cuique
1432 3576 1540 3627 arcem
1572 3549 1837 3647 Verruchianam
1870 3566 1929 3632 pet

601 3669 773 3776 vicariurn
799 3669 1053 3742 custodiendam
1079 3673 1285 3747 tradiderat.
1312 3676 1386 3742 Non
1412 3671 1531 3764 minori
1557 3670 1644 3744 enirn
1671 3665 1844 3767 praemiO,
1868 3663 1931 3754 qui

603 3785 638 3858 in
663 3787 725 3859 hac
749 3807 823 3862 arte
846 3787 1080 3894 excellebant,
1106 3816 1206 3883 qnam
1230 3817 1289 3883 qut
1279 3793 1430 3864 litteris
1456 3814 1591 3878 operam
1617 3787 1763 3871 dabant,
1788 3785 1931 3882 efficien-

604 3909 666 3979 dos
693 3907 859 3996 putabat.
889 3908 937 3980 Ea
962 3931 1098 4002 propter
1122 3911 1256 4004 minime
1279 3933 1436 4007 reverens
1472 3906 1750 3999 reprehensiones
1787 3871 1932 3990 paradeu-

604 4027 747 4116 tiorum,
774 4052 843 4100 uno
867 4031 1053 4127 eodemque
1076 4029 1130 4102 die
1153 4013 1312 4134 iacobum
1337 4025 1545 4133 Gherardum
1565 4025 1847 4134 Volaterranum,
1871 4020 1933 4112 qui

603 4128 801 4252 praesulum
821 4153 1053 4223 Romanorum
1078 4169 1189 4243 aetate
1215 4153 1247 4215 δι
1273 4150 1441 4256 sapientia
1474 4149 1577 4218 decus
1617 4123 1648 4211 Ιδι
1684 4145 1795 4214 lumen
1832 4159 1931 4226 erat,

509 4355 515 4360 ι
602 4237 781 4362 Segninum
821 4269 1048 4363 Episcopum,
1085 4274 1118 4342 δι
1151 4245 1344 4354 Gabrielem
1377 4267 1545 4358 Merinum
1575 4265 1794 4352 Hispanum,
1836 4259 1932 4348 cujus

608 4406 701 4458 tantu
696 4389 839 4458 mntodo
865 4408 948 4461 nota
972 4407 1044 4466 erat
1070 4388 1104 4462 in
1131 4386 1306 4479 psallendo
1331 4391 1364 4458 δι
1403 4381 1555 4456 canendo
1584 4384 1730 4474 peritia,
1756 4379 1846 4450 Barii
1872 4379 1934 4448 Αι

612 4507 640 4570 ,ι-ἰ
709 4511 855 4595 {scripum
882 4506 1034 4612 creavit,
1060 4475 1148 4579 lluic
1172 4489 1311 4614 ¹quo'que
1336 4505 1382 4614 rei
1404 4506 1531 4579 iudicio
1556 4527 1629 4607 esse
1652 4517 1813 4598 poterunt
1834 4463 1935 4596 litte·
