4386 5838
1036 583 1043 608 i

522 721 526 728 ,
714 644 745 711 V
843 647 858 714 1
919 648 922 657 '
956 645 985 713 Τ
1083 638 1113 712 Α
1506 664 1571 717 rrt

294 761 436 836 Ennium
461 759 633 837 Vetuland
647 765 849 856 Episcopum
875 767 909 834 δι
932 766 1091 837 iacobum
1116 763 1320 840 Gambaium
1341 787 1417 837 cum
1437 765 1623 852 Helvetiisj

292 907 331 954 ut
354 882 458 970 odio,
483 883 536 957 vel
562 881 680 954 saltem
706 907 766 953 sex
791 883 896 954 millia
923 887 1074 972 peditum
1098 911 1141 958 ex
1167 887 1239 974 iis,
1266 888 1326 978 qui
1351 886 1527 958 fortissimi
1552 887 1623 956 ha-

292 1006 487 1090 bebantur,
514 1029 576 1076 sua
602 1004 769 1094 stipendia
793 1024 986 1092 mererent,
1011 1010 1207 1100 magnisque
1251 1007 1432 1078 itineribus
1467 1009 1508 1078 ad
1542 1027 1644 1095 suos.

293 1127 461 1196 exercitus
488 1149 523 1194 se
549 1123 765 1194 conferrent.
790 1122 867 1192 Scio
893 1146 959 1195 non
985 1113 1090 1198 lotere'
1112 1151 1172 1199 uos
1196 1123 1266 1213 (in
1290 1129 1374 1198 haec
1400 1128 1502 1198 verba
1536 1129 1629 1198 scri-

293 1244 394 1314 bebat
420 1245 460 1314 ad
487 1245 609 1338 ipsos)
634 1259 714 1340 quor
737 1242 769 1315 b
794 1267 890 1340 quam
913 1267 1037 1341 graues
1062 1235 1292 1341 inpressiones
1317 1247 1527 1318 audacissimi
1560 1247 1625 1316 lto·

292 1367 425 1447 coines,
449 1364 567 1460 quibus
591 1389 613 1435 o
636 1367 741 1437 sacris
765 1359 1061 1452 interdisiurn''sit,
1088 1368 1123 1436 in
1150 1390 1240 1449 nos,
1264 1386 1363 1464 atque
1400 1369 1550 1462 proxime
1588 1368 1625 1436 in

294 1485 527 1578 rempublicam
546 1487 692 1578 feoet‘t'nt
704 1511 720 1572 ;
742 1490 799 1583 qui
825 1486 921 1558 urbes
951 1505 1082 1558 nostras
1103 1471 1277 1574 obsidere,
1313 1509 1453 1582 capere,
1493 1501 1627 1558 vastare
1698 1540 1702 1549 .

294 1627 414 1700 agros,
442 1609 593 1702 rapinis,
618 1607 774 1680 caedibus
799 1606 949 1702 polluere
975 1625 1072 1706 atque
1091 1607 1232 1697 foedare
1256 1610 1366 1678 omnia
1397 1633 1465 1680 non
1491 1611 1631 1680 destite-

252 1709 264 1723 ’
293 1743 371 1795 runt
385 1750 400 1809 ‚·
426 1741 529 1821 eoque
554 1728 594 1800 de
618 1749 738 1796 caussa
763 1728 907 1796 condiunt
933 1713 1101 1819 impensos
1127 1729 1286 1798 maximas
1312 1751 1361 1799 rne
1379 1729 1503 1818 secisse
1516 1753 1530 1814 ;
1550 1727 1628 1799 eri-

293 1848 426 1918 stimoni
452 1849 583 1918 minime
609 1844 705 1915 uobis
728 1849 843 1915 miram
870 1847 995 1932 uideri,
1021 1850 1050 1917 si
1069 1849 1251 1938 pensiones
1275 1871 1355 1936 eae,
1395 1873 1480 1944 quae
1520 1871 1540 1917 o
1579 1872 1629 1920 ane

292 1965 523 2052 debebantur,
548 1970 692 2038 nondum
717 1965 812 2039 vodis
848 1984 958 2037 essent
990 1965 1202 2059 persolutae.
1240 1971 1334 2039 Hanc
1372 1971 1626 2040 excusationem

292 2109 453 2176 quaerere
478 2113 617 2159 necesse
642 2089 708 2159 suit
733 2089 916 2164 Pontifici,
943 2090 1024 2176 quia
1043 2089 1198 2157 homines
1223 2065 1314 2158 vitae
1354 2091 1484 2180 magis,
1524 2108 1626 2178 quam

292 2206 456 2293 pecuniae
481 2205 635 2278 liberales
660 2193 862 2279 recusabant
887 2231 979 2278 nova
1005 2211 1203 2298 stipendia,
1228 2211 1290 2294 nisi
1316 2228 1431 2280 vetera
1456 2209 1627 2278 solveren-

291 2347 372 2397 tur.
397 2330 530 2397 Summa
557 2328 730 2400 celeritate
772 2330 796 2398 ii
821 2329 862 2400 ad
897 2330 1042 2399 Arimini
1067 2332 1224 2400 suburbia
1266 2353 1480 2419 pervenere,
1517 2351 1627 2419 neque

291 2444 468 2518 dubitabat
493 2449 662 2534 Febrim,
696 2449 779 2540 quin
806 2449 833 2519 si
857 2449 921 2518 bos
945 2451 1108 2532 vicisset,
1134 2449 1286 2521 futurum
1311 2467 1349 2517 ut
1385 2447 1535 2539 reliquae
1562 2470 1628 2517 co-

286 2565 408 2636 ·hortes
439 2586 560 2639 contra
586 2571 774 2640 consistere
801 2593 871 2638 non
899 2571 1083 2639 auderent.
1118 2569 1282 2650 Flumen,
1317 2569 1358 2639 ad
1395 2571 1488 2662 quod
1526 2568 1628 2639 trodlu

289 2688 455 2772 accessit,
483 2713 641 2779 superare
671 2687 805 2759 minime
830 2691 964 2777 potuit,
990 2690 1072 2781 quia
1097 2710 1236 2781 propter
1264 2691 1365 2760 maris
1393 2712 1521 2759 aestum
1548 2688 1626 2786 plu·

186 2831 189 2837 ·
288 2806 409 2876 simum
437 2806 630 2878 audieerat
655 2807 745 2879 illius
771 2808 935 2879 altitudo.
958 2807 1128 2880 Praelium
1155 2810 1270 2899 itaque
1292 2811 1328 2877 in
1349 2807 1430 2898 ipsis
1456 2807 1627 2878 suburbiis

289 2927 478 3010 commisit,
503 2926 625 2997 milites
653 2949 734 2997 suos
760 2930 842 2997 non¹
856 2909 1184 3020 longioribra'tione
1203 2931 1427 3011 cohortatus,
1452 2951 1552 3020 quam
1573 2926 1625 2996 uti

288 3060 372 3115 'strae
398 3046 563 3134 pristinae
588 3045 727 3116 virtutis
758 3049 953 3120 memoriam
987 3051 1201 3138 retinerent,
1242 3025 1311 3121 neu¹
1345 3031 1625 3139 perturbarentur

288 3165 424 3247 animo,
448 3163 666 3259 hostiumque
699 3167 859 3258 impetum
892 3171 1119 3240 sustinerent.
1145 3171 1270 3260 Magna
1304 3145 1475 3260 utrimque
1514 3167 1625 3240 virtus

289 3285 446 3376 apparuit
464 3321 481 3369 ,·
498 3309 621 3376 anceps
647 3291 680 3358 δι
707 3307 885 3358 cruentum
912 3287 979 3358 suit
1005 3289 1191 3379 praelium,
1215 3287 1370 3362 nonnulli
1405 3313 1424 3360 e
1460 3287 1625 3384 primariis

288 3405 432 3480 ducibus
450 3460 460 3493 ,
477 3415 520 3480 ’δι
548 3407 583 3479 in
609 3407 663 3478 his
688 3411 819 3500 Gaspar
844 3409 966 3482 Siiinus
994 3407 1227 3483 Helvetiorum
1254 3409 1405 3481 cohortis
1437 3407 1626 3500 praetoriae

287 3526 500 3617 praesume,
534 3554 577 3601 ex
601 3529 760 3620 Hispanis
787 3554 870 3602 vero
896 3531 1152 3602 Balastachimts
1169 3529 1327 3602 &Vinea
1349 3525 1627 3616 cecidere,ipse·

289 3675 356 3742 que
376 3651 546 3738 Feltrius,
575 3655 608 3722 b<
631 3651 822 3722 Frideri'cus
861 3655 1049 3742 Gonzaga‚
1087 3649 1235 3740 accePtis
1276 3647 1496 3736 uulneribus,
1532 3649 1624 3720 vitae

285 3749 477 3858 periculum
503 3773 683 3842 adierunt.
709 3771 799 3842 rutil
826 3793 937 3843 tamen
963 3769 1144 3842 flexerunt
1170 3769 1322 3857 animos,
1355 3778 1390 3844 δι
1429 3795 1521 3844 arma
1556 3765 1629 3840 fer·

287 3911 431 3992 rumque
454 3891 490 3961 in
513 3872 642 3966 'dextris
667 3891 762 3964 velut
785 3891 875 3964 solas
902 3891 1059 3988 reliquias
1085 3887 1156 3980 spei
1182 3913 1266 3960 suae
1298 3891 1494 3974 intuentes,
1521 3905 1625 3979 post-

286 4033 387 4101 quam
415 4011 457 4080 ab
480 4033 608 4083 conatu
635 4013 824 4084 Ariminum
845 4011 1036 4101 occupandi
1061 4009 1189 4101 repulsi
1206 4010 1366 4095 strenam,
1390 4033 1432 4082 ne
1457 4008 1544 4080 fame
1562 4021 1625 4099 pe·

285 4129 391 4200 rirent
413 4131 448 4199 in
472 4131 617 4201 vastatis
641 4132 860 4221 regionibus.
883 4131 1011 4203 bellum·
1031 4129 1068 4202 iu
1090 4134 1224 4204 Etruria
1241 4133 1409 4204 'renovare
1435 4129 1625 4201 constitue·

283 4263 386 4318 tum.
410 4246 528 4316 Multis
549 4249 582 4318 in
605 4229 741 4338 oppidis
767 4227 967 4324 intentiores
1007 4269 1114 4324 eraut>
1142 4251 1316 4323 custodiae
1359 4249 1403 4320 ob
1442 4239 1619 4342 praeteriti

283 4368 426 4454 periculi
450 4370 659 4456 memoriam,
687 4348 720 4442 bt
744 4395 831 4464 quae
858 4390 930 4474 arte
953 4371 1033 4446 belli
1060 4369 1136 4462 eligi
1163 4361 1399 4462 praepararive
1432 4385 1619 4466 poteraut,

283 4485 505 4576 providerant
527 4491 553 4560 F
554 4469 738 4600 torent'ini,
763 4490 1023 4588 Anglarienses,
1045 4491 1080 4567 in
1106 4515 1192 4588 quos
1218 4494 1378 4588 impetum
1404 4495 1545 4587 primum
1564 4490 1619 4564 se-
