4386 5838
743 660 783 725 Ν
882 665 896 732 l
994 660 1025 728 T
1086 693 1092 700 ·
1122 657 1153 729 ll
1521 677 1589 750 ·93

309 779 493 854 canendum
518 777 672 870 putavit,
698 802 742 850 ne
764 780 836 850 Rex
861 803 936 850 curn
961 778 1069 870 copiis
1091 797 1153 850 aut
1176 774 1334 864 Romam,
1359 773 1642 848 aut-Florentiam
1675 783 1680 790 '
1729 760 1732 766 ¹

311 899 463 1004 ueniret,
492 901 638 992 indeque
663 921 721 972 aut
744 902 840 990 ipse,
866 918 923 971 aut
949 897 1063 992 populi
1085 921 1251 972 novarum
1286 922 1397 970 rerum
1430 895 1644 968 molitionem

311 1039 513 1110 quaererent
528 1067 540 1108 ,.
565 1024 687 1112 ltaque
710 1043 849 1121 opernm
871 1015 994 1106 dedi't,
1021 1039 1060 1091 ut
1085 1021 1268 1092 Bononiam
1295 1019 1490 1101 accederet,
1518 1037 1586 1108 quo
1610 1039 1646 1086 se

312 1161 474 1232 quoque,
500 1157 592 1210 stato
618 1139 671 1209 die
686 1169 709 1224 ,⁸
723 1161 938 1210 accessurum
963 1139 1145 1229 promisit.
1170 1143 1253 1211 Rem
1276 1141 1319 1212 ad
1336 1145 1339 1152 “
1354 1138 1531 1220 concilium
1567 1139 1651 1206 Car·

311 1258 474 1330 dinalium
497 1255 646 1339 detulit,
670 1280 757 1348 quos
782 1259 923 1328 Viterbii
947 1260 1131 1332 convenire
1164 1262 1262 1357 jussit
1297 1263 1333 1332 in
1372 1261 1462 1334 festo
1497 1259 1648 1331 omnium

309 1375 533 1464 Sardorum,
556 1401 597 1448 ex
622 1361 731 1470 iisque
755 1375 911 1449 nonnulli
937 1377 1096 1466 suerum,
1122 1383 1181 1473 qui
1205 1381 1413 1454 pontificiam
1439 1381 1647 1472 majestatem

220 1529 227 1533 ·
310 1497 417 1568 minui
442 1517 624 1587 putarunt,
649 1497 680 1568 si
705 1497 774 1568 alio
801 1497 837 1568 in
862 1497 962 1582 loco,
987 1517 1120 1588 praeter
1136 1523 1236 1592 quarn
1252 1501 1403 1586 Romae,
1428 1501 1497 1570 Leo
1522 1499 1646 1591 Regem

308 1617 499 1706 exciperet.
524 1617 599 1687 Hoc
624 1633 738 1686 autem
761 1635 814 1687 est
838 1618 1027 1708 exemplum
1044 1619 1260 1706 litterarum,
1288 1642 1373 1712 quas
1401 1619 1466 1688 hac
1488 1618 1529 1688 de
1548 1639 1649 1686 caus·

281 1758 345 1806 ,sa
370 1736 413 1808 ad
435 1733 632 1806 cardinales
658 1737 814 1806 absentes
839 1737 1036 1828 singulatim
1061 1741 1174 1810 misit.

357 1853 488 1928 Dilec‘le
513 1855 607 1942 Fili,
632 1855 770 1927 sulutem
796 1854 1079 1953 &NApostolicam
1093 1856 1363 1932 benedic'lionem.
1380 1857 1538 1951 Accepit,
1564 1877 1648 1951 que-

306 1976 512 2048 madmodum
537 1977 615 2082 Deo
643 1979 683 2049 0.
718 1978 771 2049 Μ.
792 1977 942 2073 placuit,
966 2001 1025 2051 aas
1058 1983 1156 2076 pacis
1180 1983 1405 2065 conditiones,
1430 2001 1514 2075 quas
1536 1979 1566 2049 et'
1592 1976 1649 2052 dee

305 2095 431 2183 dimus,
456 2099 648 2170 carissimus
664 2100 700 2170 in
728 2099 857 2171 Christo
876 2095 971 2190 filius
997 2099 1200 2175 Franciscus
1223 2099 1296 2170 Idea
1319 2099 1644 2183 christianissimus,

305 2215 485 2315 libentique
507 2220 618 2290 anima
655 2199 825 2291 nobiscum
851 2216 884 2294 6,·
912 2241 987 2292 cum
1010 2219 1096 2292 Sede
1118 2219 1183 2291 linc
1217 2219 1332 2294 sunc‘la
1366 2219 1489 2312 foedus
1521 2218 1649 2314 inivit,

303 2357 403 2432 mam
427 2359 493 2412 rem
517 2361 585 2411 nom
608 2338 715 2412 solnm
738 2340 842 2412 eidem
867 2339 970 2425 Sedi,
994 2339 1055 2412 sed
1078 2341 1257 2412 universae
1289 2336 1509 2434 Reipublicae
1544 2335 1647 2408 can-

305 2458 437 2534 stianae
460 2439 652 2553 speramus,
677 2481 719 2529 ac
743 2455 939 2550 confidimus
974 2461 1010 2529 in
1036 2457 1183 2530 Domino
1217 2459 1357 2532 maxime
1381 2457 1495 2530 tardem
1528 2453 1646 2530 &sa-

304 2573 444 2650 mantem
463 2577 636 2670 flaturam.
662 2577 769 2652 Nunc
792 2597 901 2652 autem
926 2601 1000 2650 cum
1022 2580 1285 2651 existimaremus
1316 2579 1362 2652 od
1381 2560 1525 2671 ejusdem
1550 2575 1647 2652 Sedit

151 2794 156 2802 .
226 2725 254 2734 ··
303 2694 583 2792 &Repentina
598 2698 792 2795 dignitatem
828 2720 1028 2794 magnopere
1056 2699 1246 2792 pertinere,
1271 2714 1311 2769 ut
1333 2697 1374 2770 de
1396 2713 1465 2770 tota
1489 2719 1542 2784 re,
1559 2699 1647 2791 cius·

303 2839 368 2916 que
392 2815 548 2912 partibus
570 2833 603 2890 te
627 2819 834 2915 reliquosque
847 2819 972 2910 fratres
997 2834 1128 2890 nostros
1151 2818 1291 2889 Sanciae
1315 2817 1489 2889 Romanae
1518 2813 1644 2889 Eccle·

301 2941 375 3012 siae
400 2937 594 3010 Cardinulet
618 2959 716 3035 quum
736 2941 880 3034 primum
904 2936 1136 3026 consulamus,
1162 2954 1201 3010 ut
1224 2959 1309 3036 quae
1331 2937 1462 3035 agenda
1486 2937 1664 3032 deinceps·

303 3061 402 3148 sint,
424 3060 589 3132 commum
624 3060 770 3130 omnium
793 3061 957 3131 sententia
989 3055 1260 3146 consumamur,
1293 3077 1373 3154 peto
1393 3057 1465 3131 als
1504 3076 1555 3147 te,
1578 3075 1644 3154 ut,

303 3180 509 3252 omninum
531 3181 745 3276 postposita,
770 3180 860 3276 quod
881 3181 1047 3251 commodo
1071 3197 1128 3250 ruo
1145 3176 1228 3272 fiat,
1256 3179 1434 3254 Vitellium
1459 3181 1588 3252 adnot
1613 3197 1646 3254 te

212 3347 215 3354 -
303 3299 456 3392 conferas
470 3353 491 3388 ,⁴
507 3321 573 3394 qua
597 3301 633 3370 in
656 3297 738 3371 urbe
769 3301 817 3370 ad
838 3313 894 3369 111.
930 3299 1009 3372 Kal.
1046 3299 1248 3372 Nouembris
1274 3301 1414 3372 erimus.
1447 3301 1492 3373 Id
1520 3295 1645 3374 erit&
1740 3293 1745 3302 ’

298 3420 501 3516 prudentiae
526 3435 604 3491 tuae
634 3439 675 3488 ac
702 3419 905 3507 dtlcclionit,
935 3443 1033 3518 qnam
1057 3419 1270 3518 Apostolicae
1292 3421 1370 3494 Seda'
1392 3419 1648 3516 Cltristianoque

302 3542 434 3612 nomini
475 3537 598 3626 debes,
631 3540 771 3612 maxime
805 3545 998 3638 proprium,
1034 3539 1068 3614 d
1103 3541 1200 3614 nodis
1235 3542 1446 3616 uehementer
1481 3561 1644 3637 gratum.

224 3739 228 3752 ,
304 3659 433 3732 Datum
460 3658 675 3732 Corneliani
697 3659 1032 3737 annulol’iscatam's
1054 3665 1205 3737 dieunt.
1230 3662 1379 3737 Ollolris
1402 3661 1643 3737 moxml’on·
1763 3719 1767 3734 .

305 3767 452 3872 tifictitus
483 3779 590 3852 nostri
616 3801 708 3850 anno
733 3780 805 3854 ΙΙΙ.
845 3842 848 3850 ,
1426 3781 1430 3788 ’
1596 3759 1602 3780 ’

314 3941 319 3950 ·
398 3902 492 3994 Quia
514 3921 588 3970 mos
614 3919 712 3986 erat,
737 3903 878 3974 absente
903 3903 1068 3978 Pontifice
1086 3907 1231 3992 ,creari
1256 3909 1438 4000 Legatum,
1473 3904 1535 3998 qui
1567 3903 1641 3994 ejus

302 4022 440 4095 nomine
465 4043 518 4091 res
544 4020 691 4090 urbanas
724 4000 1088 4111 administraret,·hoc
1114 4051 1238 4098 munus
1263 4026 1437 4099 mandavit
1462 4023 1645 4095 Soderini0

301 4139 495 4222 cardinali,
522 4160 592 4228 non
618 4158 686 4210 tam
706 4163 844 4231 propter
869 4147 986 4216 merita
1009 4146 1179 4230 hominis,
1204 4167 1307 4237 quam
1331 4161 1470 4234 propter
1491 4161 1642 4226 metum,

301 4279 344 4328 ne
367 4257 446 4350 quid
464 4259 505 4344 ab
523 4281 564 4329 eo
578 4256 779 4343 Florentiae,
793 4264 824 4334 si
838 4283 881 4333 eo
904 4285 1019 4334 secum
1035 4264 1257 4349 accessisset,
1283 4263 1477 4334 turbaretur
1490 4308 1501 4327 ·
1515 4262 1640 4336 Eodetu

302 4395 450 4466 tempore
475 4376 689 4463 nominauit,
707 4399 803 4470 quos
829 4383 968 4454 comites
996 4384 1128 4453 itineris
1152 4383 1276 4454 habere
1302 4373 1463 4467 uolebat,
1499 4405 1568 4474 quo
1603 4361 1658 4454 in'

270 4547 275 4552 -
302 4495 630 4572 annitatusuetunt
656 4515 726 4571 xx·
750 4499 948 4579 cardinales
973 4501 1103 4598 (pauci
1127 4504 1217 4578 enim
1243 4525 1301 4597 per
1326 4525 1481 4586 caussam
1506 4487 1643 4580 ualetu-
