4386 5838
637 659 702 730 ue
1030 630 1542 725 t'tomrsx.

578 777 631 863 11,
655 799 764 868 neque
790 773 900 846 solum
930 790 1052 846 netere
1076 795 1166 848 usu.
1204 764 1466 844 benevolentia,
1496 759 1590 842 fide,
1625 753 1766 838 studiis,
1792 753 1916 836 efficia

580 891 772 991 conjuncti,
797 896 856 966 sed
881 893 983 964 etiam
1010 894 1080 964 ab
1073 909 1211 962 ineunte
1237 907 1348 962 aetate
1363 909 1478 958 seeum
1498 881 1654 961 educati,
1679 896 1718 948 01
1737 874 1944 969 11111010,

581 1019 674 1112 quod
700 1017 817 1088 conari
858 1015 1058 1096 videbatur,
1084 1035 1121 1082 se
1147 1013 1212 1104 jam
1239 1008 1370 1080 abunde
1396 1005 1605 1096 praestitisse
1634 1019 1827 1092 appareret.
1850 1003 1927 1073 Ma·

580 1163 646 1272 gna
669 1137 803 1273 quoque
829 1134 973 1206 contulit
997 1135 1159 1216 beneficia
1182 1135 1280 1204 Petro
1306 1127 1402 1200 fratri
1427 1126 1517 1197 illius
1542 1147 1627 1199 natu
1642 1123 1788 1216 majori,
1815 1145 1928 1214 quern
2024 1108 2029 1118 ¹

583 1256 657 1342 edm
688 1240 940 1342 internuncium
963 1256 1149 1334 declararet
1176 1251 1264 1340 apud
1288 1249 1501 1326 leonardum
1536 1245 1773 1320 Lauredanunt
1807 1244 1916 1314 Vene-

585 1389 699 1460 torum
722 1379 932 1470 Principem
960 1377 1009 1448 ait
1034 1376 1250 1458 notissimum
1288 1369 1446 1448 omnibus
1488 1391 1561 1438 esse
1593 1366 1683 1438 illius
1721 1363 1921 1456 ingenium,

588 1499 810 1592 probitatem
836 1502 946 1570 mores
970 1499 1136 1604 optimos,
1162 1494 1260 1576 fidem
1283 1509 1385 1583 atque
1409 1489 1659 1566 observantiam
1683 1509 1763 1578 erga
1789 1509 1825 1558 se
1851 1507 1930 1555 ma·

581 1623 744 1722 'joresque
765 1641 846 1692 suos
872 1621 893 1707 <
902 1618 1086 1690 Laurentio
1108 1615 1194 1686 enim
1218 1613 1369 1696 Mediceo
1395 1609 1506 1692 fuerat
1532 1611 1573 1680 ab
1599 1607 1779 1700 epistolis)
1808 1604 1929 1684 multis

589 1741 865 1834 gravissimisque
890 1741 925 1810 in
952 1735 1099 1830 negotiis
1126 1734 1333 1820 adhibitam
1360 1733 1464 1824 Quod
1490 1731 1641 1812 homines
1667 1751 1754 1801 vero
1777 1751 1820 1808 ea
1857 1730 1933 1808 hu-

591 1859 661 1952 mili
685 1861 763 1949 1000
789 1861 830 1928 ad
856 1880 1018 1944 summam
1042 1855 1243 1946 dignitatem
1269 1855 1505 1944 perduxisset,
1533 1852 1568 1922 id
1604 1849 1729 1933 indicio
1763 1871 1837 1930 esse
1872 1848 1933 1928 de·

595 1982 674 2070 bere
699 1981 858 2061 dicebat,
884 1977 953 2049 alta
977 1977 1122 2068 quadarn
1146 1995 1256 2046 mente
1282 1979 1313 2046 dr
1338 1971 1501 2064 singulari
1524 1973 1652 2054 virtute
1691 1972 1864 2064 praeditos
1887 1968 1932 2052 il·

596 2104 649 2190 los
675 2101 803 2186 fuisse,
828 2100 957 2190 sibique
984 2119 1179 2188 persuasum
1204 2093 1344 2182 essenii
1370 2113 1438 2164 tarn
1462 2097 1655 2180 conducere
1683 2094 1722 2164 ad
1748 2115 1817 2176 rem
1858 2096 1938 2173 Ilo·-

602 2245 736 2312 manam
762 2220 970 2313 augendam,
995 2241 1095 2312 quam
1121 2241 1163 2306 ne
1189 2217 1268 2290 urbs
1294 2237 1440 2306 unquam
1476 2211 1592 2286 clausa
1629 2233 1720 2300 esset
1745 2214 1940 2305 peregrinae

600 2341 747 2428 uirtuti,
771 2343 875 2428 Nemo
901 2337 1054 2442 profedlo
1079 2336 1138 2419 illo
1174 2327 1342 2424 liberalior
1368 2336 1459 2423 fuit,
1501 2337 1561 2426 ιι11
1598 2337 1728 2428 patriae
1765 2334 1942 2420 ebaritas,

604 2461 664 2550 011
688 2459 779 2551 Sedis
804 2457 1023 2550 Apostolicae
1046 2459 1218 2550 dignitas,
1245 2457 1306 2547 ubi
1329 2458 1456 2552 pietas,
1489 2459 1546 2528 ubi
1581 2479 1641 2528 aut
1665 2459 1751 2544 bene
1784 2450 1935 2540 merendi

605 2583 648 2670 de
672 2577 826 2691 spedlatis
851 2585 885 2651 &
909 2581 1059 2692 probatis
1084 2580 1301 2670 hominibus,
1326 2599 1386 2649 aut
1409 2577 1604 2669 referendae
1640 2579 1770 2670 gratiae
1808 2578 1939 2664 volun-s

607 2720 662 2790 tas
687 2681 877 2792 existebat
902 2685 1019 2792 Quare
1044 2701 1085 2790 de
1108 2699 1166 2772 illo
1192 2701 1242 2771 sic
1267 2699 1363 2771 multi
1401 2701 1663 2792 praedicaliant‚
1699 2723 1804 2786 unum
1843 2719 1948 2790 esse,

608 2825 644 2914 iq
669 2845 740 2914 quo
767 2816 893 2915 seeculi
917 2818 1077 2914 splendor
1101 2819 1289 2916 niteretur,
1314 2827 1542 2932 &perquem
1565 2823 1680 2913 sopita
1704 2821 1835 2912 virtus.
1850 2817 1967 2930 qtiasl

615 2967 722 3018 nova
732 2934 808 3014 lu'ce
833 2961 987 3032 recreata
1011 2940 1259 3036 revivisceret,
1284 2947 1435 3048 Cumque
1461 2967 1497 3032 se
1525 2942 1952 3036 ὶ0111011101001111111ιο

614 3083 733 3144 tratum
761 3061 985 3153 intelligeret,
1020 3083 1090 3132 non
1127 3061 1238 3134 solum
1264 3067 1417 3150 curavit,
1459 3084 1497 3136 01
1536 3067 1688 3152 homines
1725 3081 1860 3154 esseni,
1895 3057 1956 3160 qui

617 3181 761 3274 eonsilio
778 3189 810 3252 81
827 3179 1051 3274 10110ιὶ1111,
1077 3186 1119 3253 be
1135 3181 1191 3250 vel
1215 3183 1326 3272 specie
1352 3185 1423 3273 ipsa
1445 3183 1662 3275 Reipublicae
1684 3182 1883 3274 dignitatem
1898 3205 1958 3252 stt·

616 3304 806 3398 stinerent,
830 3301 889 3372 sed
914 3298 1018 3394 etiam
1043 3319 1082 3372 01
1105 3301 1334 3394 stabilirentur
1358 3301 1474 3394 leges,
1498 3299 1620 3396 quibus
1643 3304 1741 3396 quasi
1764 3303 1957 3394 sepimenta
2030 3343 2037 3350 ·

623 3419 737 3511 aliquo
764 3420 854 3514 illius
879 3419 971 3492 salus
996 3422 1027 3487 &
1053 3420 1197 3493 felicitas
1218 3423 1475 3516 eontineretur.
1500 3427 1581 3496 Tria
1606 3445 1680 3496 esse
1714 3426 1959 3516 praedicabat,

624 3539 906 3634 quemadmodum
932 3563 952 3613 a
975 3537 1162 3635 Laurentio
1186 3559 1282 3636 patre
1308 3565 1508 3633 acceperat,
1530 3569 1618 3640 quae
1643 3545 1828 3635 Principem
1850 3541 1961 3622 maxl·

627 3681 681 3728 me
707 3659 886 3749 decerent,
913 3658 1058 3742 consilia
1082 3685 1102 3732 a
1126 3663 1348 3758 prudentibus
1368 3669 1402 3736 ar
1420 3664 1572 3755 fidelibus
1588 3665 1729 3757 amicis,
1750 3649 1961 3756 priusquam

628 3777 814 3873 quidquam
839 3798 980 3878 agatur,
1002 3782 1203 3874 exquirere,
1229 3789 1262 3860 81
1288 3787 1362 3876 sine
1389 3805 1482 3876 mora
1506 3782 1597 3867 lente
1633 3783 1790 3874 consulta
1815 3785 1964 3876 exequi3

631 3917 809 3990 utinquam
833 3897 994 3970 oblivisci
1018 3901 1206 3995 absentium
1232 3906 1441 3996 amicorum
1468 3911 1498 3978 u
1527 3929 1596 3994 non
1622 3904 1732 3976 solum
1758 3903 1879 3982 fadis,
1905 3901 1965 3982 sed
2004 3947 2008 3956 ·

623 4017 735 4100 etiam
758 4018 1008 4116 suspicionibus
1032 4022 1250 4117 indicandum
1275 4026 1316 4098 de
1341 4027 1406 4107 iis,
1427 4003 1468 4100 'a
1501 4027 1621 4130 quibus
1661 4045 1720 4115 aut
1750 4027 1873 4112 vitae,
1907 4041 1967 4104 aut

634 4139 850 4241 Reipublicae
866 4137 1007 4239 tonderi
1037 4142 1225 4236 perieulum
1245 4147 1521 4237 putatur.Quod
1547 4169 1629 4232 nero
1655 4148 1702 4232 sic
1727 4147 1975 4236 providendum

638 4259 769 4351 Populo
795 4257 1337 4358 110010011111110111111,01,
1362 4265 1505 4346 sublatis
1532 4267 1756 4357 monopolim,
1781 4267 1885 4347 libera
1910 4291 1976 4346 es·

643 4395 695 4462 set
719 4380 912 4474 apportatio
938 4405 1053 4481 earum
1079 4408 1210 4471 rerum,
1227 4365 1356 4478 quibus
1383 4387 1599 4474 abundabat,
1625 4393 1656 4458 a<
1684 4411 1823 4471 earum,
1848 4389 1976 4478 quibus

646 4497 790 4594 111111,
816 4498 1037 4652 10111110,
1007 4525 1038 4584 st
1063 4521 1213 4597 tempora
1236 4503 1397 4598 spedas,
1423 4507 1490 4586 boc
1529 4529 1600 4590 non
1637 4505 1748 4578 solum
1780 4503 1977 4606 laudabile,

1877 4627 1938 4708 sed
