4472 5828
587 640 591 646 '
671 630 719 704 66
1067 637 1095 706 t
1139 635 1170 708 t:
1216 641 1252 710 0
1299 643 1331 712 Ν
1378 643 1394 712 Ι
1441 639 1464 709 S
1536 648 1579 716 Χ.
1686 661 1689 668 ·

623 740 703 832 sex,
728 750 836 844 iisque
860 750 991 842 gratias
1015 757 1109 848 egit,
1134 758 1194 850 qui
1219 757 1447 852 frequentiam
1471 767 1504 832 bt
1541 764 1691 840 officium
1727 787 1826 840 suurn
1862 784 1962 845 tanta

622 869 840 942 voluntatum
863 872 1116 966 significatione
1156 882 1428 972 praestiterant
1457 903 1497 956 ut
1530 887 1646 960 nulla
1663 909 1815 980 unquam
1853 889 1963 978 maior

545 1035 554 1046 -
622 991 875 1084 magnificentia
899 996 990 1084 apud
1012 995 1269 1088 opulentiores
1293 1006 1459 1094 cupiditas
1496 1007 1585 1122 apud
1617 1006 1819 1080 humiliores
1853 1007 1963 1078 fuisse

563 1198 567 1203 ῃ
622 1131 826 1185 constaret
848 1117 922 1186 Hac
946 1117 1146 1192 confirmata
1171 1121 1350 1214 opinione
1368 1103 1688 1222 magnanimitatis,
1725 1152 1799 1202 non
1835 1130 1965 1202 medio·

621 1252 717 1304 crem
737 1233 801 1308 sibi
826 1234 1039 1329 diligentiam
1063 1241 1288 1317 adhibendam
1312 1249 1468 1336 censuit,
1502 1269 1543 1320 ιιι
1567 1251 1751 1344 aequitatis
1776 1248 1882 1322 etiam
1904 1249 1964 1323 fa-

622 1373 711 1422 mam
735 1353 932 1448 colligeret.
956 1357 1052 1430 Plebs
1078 1363 1149 1436 acri
1171 1365 1309 1457 quidem
1334 1393 1474 1444 annona
1497 1371 1725 1466 fatigabatur,
1750 1371 1809 1444 cui
1823 1388 1863 1443 ut
1877 1393 1963 1445 con·

623 1471 768 1560 suleret,
785 1496 951 1570 qnantum
973 1479 1146 1574 impendio
1162 1485 1408 1582 diligentiaque
1432 1493 1569 1582 potuit,
1592 1494 1744 1566 curavit.
1760 1495 1802 1563 Et
1827 1515 1870 1564 ne
1887 1515 1967 1583 pro·

622 1591 760 1665 vinciae
783 1598 886 1668 novis
910 1601 1071 1674 oneribus
1090 1605 1327 1696 turbarentur,
1354 1630 1463 1703 utque
1488 1613 1610 1688 vetera
1633 1615 1709 1686 sine
1732 1612 1879 1686 avaritia
1895 1635 1966 1685 ma·

620 1710 828 1805 gistratuum
852 1717 1057 1812 tolerarent,
1083 1727 1253 1815 providit.
1279 1727 1463 1807 Pollieet'ur
1490 1735 1634 1830 magnae
1654 1733 1722 1808 sibi
1737 1755 1841 1808 curae
1865 1732 1964 1820 lore.

612 1845 663 1900 -ut
686 1833 803 1908 omnia
828 1836 1045 1931 civitatibus,
1075 1871 1164 1941 quae
1189 1849 1355 1946 cujusque
1378 1873 1515 1944 essent,
1539 1856 1821 1942 restituerentur,
1848 1859 1884 1928 8(
1903 1877 1965 1926 cu·

619 1952 783 2044 piditates
806 1957 1073 2058 iracundiaeque
1096 1971 1334 2060 potentiorum
1366 1973 1878 2072 animumanimumum
1902 1995 1966 2065 pe·

622 2074 772 2151 ιὶιοιιιιιι
795 2080 945 2154 consilio
968 2091 1005 2159 ur
1029 2086 1236 2163 auctoritate
1260 2093 1430 2166 nonnulla
1453 2099 1697 2188 praescripsit,
1720 2121 1811 2192 quae
1844 2097 1917 2174 ad
1908 2118 1964 2190 Ju-

623 2191 714 2270 dicia
734 2204 927 2279 exercenda
947 2206 1190 2299 pertinebant
1215 2231 1257 2286 ut
1279 2214 1370 2288 ratio
1394 2240 1477 2292 vera
1502 2221 1728 2308 restitueret,
1751 2243 1846 2313 quae
1875 2237 1969 2289 cou·.

620 2321 769 2396 suetudo
794 2325 926 2402 vitiosa
947 2329 1164 2406 detraxerat
1185 2335 1274 2411 van
1292 2353 1447 2443 tempora
1470 2339 1531 2412 illa
1563 2343 1702 2415 sordida
1726 2342 1815 2414 adeo
1835 2355 1966 2423 erant,

622 2459 664 2514 ut
688 2443 765 2536 juta
786 2449 905 2522 omnia
927 2466 1018 2524 nutu
1032 2468 1138 2547 atque
1159 2455 1296 2530 arbitrio
1316 2461 1549 2549 potentiorum
1563 2463 1856 2555 gubernarentur
1871 2459 1963 2528 Dum

503 2577 505 2580 ·
621 2567 708 2637 v'ero
724 2566 1023 2664 circumspiciebat
1044 2575 1183 2666 omnia¹
1193 2602 1287 2677 quae
1310 2578 1439 2672 populo
1464 2602 1566 2678 grata
1584 2599 1692 2672 sunt
1712 2579 1966 2672 studebatque»

619 2704 665 2760 ιιι
687 2711 809 2766 omnes
830 2697 1066 2792 perspicerent
1087 2725 1189 2777 suum
1210 2722 1405 2798 promptum
1426 2705 1465 2772 bt·
1485 2704 1631 2780 alacrem
1655 2705 1808 2776 animum
1836 2700 1880 2772 ad
1903 2699 1964 2770 de·

620 2801 831 2890 sendendarn
868 2807 904 2895 br
938 2823 1026 2896 bene
1061 2825 1315 2919 gubernandam
1335 2825 1609 2920 Rumpublicam‚
1649 2823 1886 2921 gratulabatur
1910 2820 1965 2890 si·

619 2924 798 3027 bisquorl
820 2940 1043 3018 consiliarios
1080 2951 1119 3021 dr
1151 2947 1372 3026 adndnistros
1394 2951 1536 3022 haberet
1556 2949 1679 3024 Iulium
1704 2943 1895 3038 patruelem
1929 2941 1963 3007 δι

619 3046 834 3132 bernardum
854 3062 1066 3156 Dovitiurn,
1094 3087 1243 3166 quorum
1265 3071 1367 3146 fidem
1387 3075 1420 3140 dt
1444 3069 1756 3144 benevolentiam
1747 3089 1785 3137 ιιι
1818 3063 1966 3156 utraque

618 3166 824 3268 fortuna,
811 3203 850 3254 ιιι
873 3207 1088 3285 pateatque
1111 3189 1151 3264 in
1172 3191 1262 3267 bello
1287 3214 1449 3289 expertus
1470 3195 1604 3267 suerat.
1625 3195 1856 3286 Quaestorent
1874 3205 1970 3256 crea·

517 3391 522 3399 Ι
619 3290 675 3364 vit
696 3297 908 3394 Domitium,
939 3311 1152 3405 Datariurn,
1185 3337 1229 3390 ut
1250 3337 1408 3404 vocant,
1442 3315 1667 3391 Laurentium
1700 3305 1865 3385 Pucciunt
1888 3299 1969 3376 Flo·

616 3415 824 3514 Mtinum,
848 3426 984 3524 aliaque
1015 3457 1160 3511 munera
1181 3437 1394 3519 fidelissimis.
1421 3437 1541 3512 amicis
1569 3433 1773 3508 mandavit

718 3537 813 3613 Dum
835 3547 1056 3635 Reipublicae
1069 3555 1195 3635 caussa
1215 3583 1259 3637 ea
1281 3561 1468 3641 apparabat
1496 3563 1532 3625 δι
1555 3555 1787 3645 providebat,
1806 3567 1974 3647 quaene·

620 3649 767 3728 cessitas
788 3661 985 3756 &tempus
1006 3666 1167 3763 flagitare
1186 3670 1423 3761 videbantur,
1447 3696 1526 3748 earn
1550 3677 1789 3750 conditionem
1811 3671 1891 3745 ‘esse
1908 3691 1970 3760 pu·

619 3785 704 3846 tans.
723 3775 935 3873 imperandi,
962 3805 1013 3861 ιιι
1037 3813 1112 3865 non
1136 3790 1241 3868 aliter
1274 3797 1379 3878 ratio,
1401 3817 1565 3888 constet,
1599 3822 1705 3893 quarn
1741 3794 1776 3867 si
1811 3789 1975 3862 omnibus

542 3923 544 3930 ’
616 3895 817 3991 reddatur,
846 3902 1035 3984 litteris
1005 3935 1061 3984 stc
1093 3915 1346 3992 considendum
1384 3916 1554 4007 putavit,
1589 3915 1794 4012 conquisitis
1826 3909 1982 4003 undique

593 4015 754 4100 eximiis
773 4045 894 4103 earum
916 4027 1143 4122 cultoribus,
1172 4055 1358 4113 utentum
1394 4060 1495 4130 pater
1532 4045 1569 4112 bc
1604 4057 1727 4110 custos
1759 4035 1970 4106 diceretur

623 4113 1033 4234 llio-reinsumatur
1055 4161 1309 4272 comparandae
1337 4161 1531 4256 sapientiae
1557 4161 1745 4238 deessent,
1763 4151 1971 4222 vaticanam

539 4355 541 4360 ,
622 4234 810 4311 ffimhec
976 4277 1080 4353 ndam
1101 4283 1284 4375 suscepit,
1309 4285 1442 4382 eique
1462 4288 1607 4358 mortuo
1641 4279 1780 4351 Thoma
1817 4269 1975 4342 Phaedro

623 4357 862 4451 Ingbiramio,
888 4385 1076 4454 praeec
1261 4403 1568 4480 Beroaldum·
1556 4399 1751 4499 putorem,
1782 4397 1863 4482 eui,
1884 4409 1977 4464 reste

596 4478 775 4567 ‚Bernbm
794 4502 918 4556 omnes
939 4505 1015 4559 non
1038 4485 1244 4564 eruditlouis
1265 4425 1908 4583 nminat-mmm
1888 4520 1975 4592 pro·
