4372 5842
519 696 593 750 2<0

512 793 584 858 ACla
604 789 719 852 fuerunt
741 789 792 851 hec
813 789 911 850 omnia
932 787 1076 852 Florentie
1097 787 1126 847 in
1148 787 1259 850 Palatio
1281 786 1524 869 Archiepiseopali
1546 785 1597 848 sub
1629 807 1721 856 anno,
1755 787 1801 848 ln·

546 899 688 968 didimus,
710 897 774 965 die,
797 901 823 954 dt
845 893 1020 955 Pontificatu
1041 893 1191 974 predialiss
1212 892 1387 974 presentibus
1409 892 1517 952 ibidem
1539 887 1752 958 honorabilibus
1772 898 1800 954 δι

546 999 758 1081 circumspetlis
780 998 849 1058 viris
870 997 996 1056 dominis
1017 994 1136 1056 Matheo
1156 995 1274 1054 loannis
1295 996 1330 1056 de
1352 996 1451 1056 Cascis
1472 1003 1499 1054 dt
1522 995 1664 1078 Gregorio
1686 996 1803 1058 Andree

545 1106 651 1182 Anqeli
674 1103 709 1163 de
730 1104 849 1184 Spuleto
870 1102 1015 1165 Florentio
1043 1098 1285 1162 commorantibus
1314 1097 1433 1182 testibus
1464 1097 1501 1160 ad
1529 1097 1666 1182 premissa
1696 1103 1805 1161 vocatis

543 1202 669 1274 habitis,
693 1212 720 1265 dt
742 1206 869 1290 rogatis.
1268 1259 1271 1266 .

506 1307 569 1390 Ego
590 1299 762 1368 Dominicus
783 1310 909 1370 Antonii
929 1307 1067 1370 Iohannis
1087 1305 1123 1368 de
1145 1304 1268 1390 Pighino
1291 1302 1435 1386 Imperiali
1465 1303 1631 1364 auctoritate
1667 1305 1805 1368 Notarius

544 1409 695 1498 iudexque
715 1411 877 1472 ordinarius
899 1432 930 1472 ac
951 1410 1088 1472 Notarius
1109 1410 1238 1494 publicus
1259 1416 1285 1468 δι
1307 1409 1388 1470 Ciris
1411 1409 1591 1470 Florentinus
1608 1409 1805 1490 quiapremis·

481 1539 486 1550 ·
543 1513 583 1574 sis
604 1512 738 1575 omnibus
760 1521 787 1573 δι
808 1513 927 1596 singulis
956 1513 1153 1598 suprascriptis
1175 1535 1223 1596 pet
1246 1514 1332 1574 alium
1355 1511 1541 1579 mihi'lidum
1565 1532 1610 1572 me
1639 1515 1702 1574 aliis
1733 1514 1807 1576 meis

545 1613 679 1700 grauibus
700 1634 838 1699 occupato
859 1618 989 1702 negociis
1008 1616 1132 1678 fideliter
1153 1618 1265 1700 scriptis
1287 1617 1357 1678 dum
1378 1617 1419 1680 sic
1439 1633 1472 1677 ut
1492 1617 1670 1699 premittitur
1701 1615 1803 1678 fierent

512 1709 516 1720 ’
545 1726 574 1778 at
596 1737 746 1803 agerentur
767 1741 824 1780 una
845 1741 911 1780 cum
933 1721 1139 1802 prenominatis
1160 1721 1279 1784 testibus
1300 1739 1414 1804 rogatus
1434 1719 1551 1782 interlui
1573 1742 1660 1803 eaque
1681 1721 1721 1782 sic
1744 1717 1805 1781 lieri

495 1904 497 1908 Ι
548 1821 611 1884 ridi
632 1829 661 1882 δι
681 1822 780 1884 audivi
800 1823 979 1884 &innatam
1001 1825 1128 1908 sumpsi,
1150 1845 1185 1884 ex
1206 1845 1263 1907 qua
1283 1845 1398 1908 presens
1416 1826 1563 1909 publicum
1579 1826 1803 1886 instrumentum

545 1927 651 1988 exinde
671 1924 801 1994 confeci;
822 1927 930 1988 idcirco
942 1929 971 1988 in
983 1927 1069 1990 fidem
1092 1936 1119 1989 δι
1140 1931 1340 1994 testimonium
1361 1927 1564 2019 premissorum
1587 1949 1633 1990 me
1660 1948 1727 1989 cum
1758 1947 1803 1988 so-

546 2031 599 2092 lito
618 2033 707 2117 Signo
736 2031 888 2118 subscripsi
909 2050 1022 2117 togatus
1043 2040 1070 2092 δι
1093 2035 1264 2115 requisitus.

465 2192 512 2274 (4)
532 2195 643 2256 Extant
670 2195 724 2258 boe
744 2196 856 2258 litterae
877 2199 907 2258 in
928 2197 1015 2275 eras
1036 2197 1167 2262 LXVII.
1193 2198 1342 2262 Tabulorii
1364 2199 1509 2264 Mediceis

469 2354 512 2434 (ε)
538 2359 611 2418 Toto
633 2359 701 2420 lires
723 2381 764 2420 res
786 2375 921 2426 narratur
940 2379 959 2420 rt
980 2361 1133 2422 Mattiaco
1154 2361 1247 2422 Borso
1275 2363 1426 2424 Veronensi
1447 2359 1589 2424 Cerronico
1606 2403 1616 2430 ‚
1635 2375 1668 2420 ut
1687 2359 1804 2438 loquan-

548 2476 611 2529 tur,
632 2465 790 2541 Regulari.
812 2469 860 2542 qui
882 2469 1006 2526 aderat.
1035 2465 1069 2523 In
1090 2466 1158 2525 itaet
1178 2468 1252 2526 eninr
1275 2469 1359 2526 veria
1395 2470 1509 2544 scripsit
1528 2469 1568 2528 ed
1592 2465 1802 2542 Archangelum

551 2567 708 2630 Vicetlmrnr
728 2571 865 2648 collegam
888 2591 987 2637 soum.
1009 2571 1084 2630 Cum
1107 2569 1203 2651 itaque
1225 2574 1346 2634 loannes
1368 2573 1414 2636 hic
1436 2571 1565 2634 Medices
1591 2567 1807 2652 quintumdeci.

546 2689 627 2730 mum
648 2672 747 2732 aetatis
769 2693 875 2734 annum
897 2689 1011 2736 tantum
1033 2693 1119 2756 agens
1140 2673 1299 2736 cardinalis
1325 2675 1483 2740 declaratus
1501 2693 1564 2746 est,
1584 2691 1650 2736 tum
1669 2669 1806 2736 Pontifex

544 2773 671 2834 &Sacri
695 2777 791 2836 Patres
813 2777 969 2840 voluerunt
989 2779 1165 2861 impuberem
1197 2779 1282 2840 illurn
1312 2781 1386 2841 tanti
1416 2781 1526 2842 ordinis
1556 2779 1807 2842 administratione

543 2875 760 2962 insignibusque
781 2880 817 2941 nd
837 2883 996 2943 triennium
1019 2902 1108 2964 usque
1129 2903 1235 2952 catere,
1257 2903 1316 2966 quo
1337 2883 1525 2968 tantisper&
1547 2882 1675 2944 moribus
1707 2887 1737 2942 δι
1756 2880 1807 2942 do·

544 2980 644 3042 lirinis
667 2984 855 3054 coalesceret,
879 3005 962 3068 utque
984 2987 1151 3070 proliceret,
1174 2999 1202 3054 bc
1223 2989 1329 3058 uirtute
1350 3011 1382 3052 ac
1409 2990 1546 3076 sapientia
1567 2985 1693 3056 medus,
1722 3001 1804 3048 tanto

544 3082 660 3170 fastigio
681 3103 883 3169 tantarumque
905 3111 1000 3152 rerum
1031 3097 1211 3176 susceptione
1242 3097 1347 3181 dignus
1366 3097 1518 3162 evaderet.
1540 3094 1648 3162 Venit,
1677 3092 1742 3152 Deo
1758 3091 1808 3152 .il·

543 3187 605 3250 lum
630 3207 783 3262 servante,
812 3210 926 3275 optatus
942 3193 989 3256 hic
1015 3195 1092 3270 dies,
1116 3198 1323 3283 plenitudoque
1342 3198 1485 3272 triennii.
1505 3202 1690 3280 suscepturus
1709 3196 1807 3278 itaque

472 3299 474 3304 '
545 3287 612 3352 baec
634 3311 827 3364 ornamenta,
849 3317 921 3380 quae
943 3299 1086 3372 diximus,
1109 3303 1233 3363 Pallium
1262 3303 1391 3372 scilicet,
1414 3301 1560 3374 ilicetum,
1582 3299 1730 3362 ardentem
1759 3296 1806 3358 Pi·

392 3381 395 3394 *
546 3395 643 3466 lcum,
666 3399 894 3480 desponsationis
910 3405 1056 3476 Anulum,
1078 3406 1171 3488 pridie
1191 3425 1278 3487 quam
1298 3405 1402 3466 talibus
1417 3405 1600 3473 initiaretur,
1621 3403 1658 3476 ad
1679 3414 1809 3483 nospost

518 3571 522 3582 ι
546 3499 695 3561 meridiem
718 3505 832 3566 Fesulss
853 3509 1021 3569 conscendit
1042 3529 1131 3592 parvo
1152 3527 1268 3568 suorum
1291 3507 1447 3578 admodum
1468 3508 1626 3578 comitatu,
1659 3511 1687 3570 u
1714 3501 1809 3568 humi·

545 3601 582 3670 li,
608 3627 637 3664 ac
660 3608 786 3690 simplici
807 3613 906 3673 cultu.
927 3615 1070 3674 Postridie
1090 3609 1174 3674 affirit
1194 3631 1279 3672 mane
1300 3615 1423 3672 Ioannes
1446 3611 1531 3672 Picus
1552 3607 1718 3672 Mirandula
1742 3624 1808 3666 nor·

520 3725 608 3790 Uter,
633 3714 660 3768 δι
687 3711 809 3774 Jacobus
834 3715 974 3776 Salviatus
1003 3717 1164 3778 Cardinalis
1195 3695 1334 3786 boronus,
1367 3737 1399 3776 ac
1429 3716 1545 3790 simeon
1565 3716 1646 3786 Staaa
1670 3710 1808 3784 Notarius

547 3830 615 3869 cum
649 3812 753 3896 quibus
782 3814 853 3890 hora
887 3818 947 3876 diei
983 3819 1093 3880 circiter
1126 3836 1206 3880 sexta
1228 3819 1264 3879 de
1300 3817 1432 3892 cubiculo
1462 3836 1588 3901 egressus
1624 3835 1703 3878 sacer
1742 3805 1810 3874 ade}

543 3913 653 3976 lescens
690 3917 831 4000 templum
862 3919 1011 3980 intrarit.
1051 3920 1110 3980 Ubi
1140 3921 1268 4002 primum
1301 3922 1334 3982 in
1365 3922 1496 4004 Virginis
1526 3919 1640 3981 laudem
1672 3915 1807 3992 (sabba-

548 4029 610 4076 tum
632 4019 721 4098 ,enirn
755 4038 839 4094 erat,
872 4021 934 4084 dies
961 4021 1078 4107 Virgini
1109 4041 1205 4084 vetere
1235 4024 1376 4106 religione
1406 4022 1540 4101 dicatus)
1572 4023 1631 4084 ritu
1663 4037 1807 4100 cantuque

544 4119 668 4216 solemni
688 4123 734 4208 agi
755 4127 851 4209 coepit
871 4149 904 4188 ea
924 4149 967 4190 res
988 4133 1088 4198 Sacra,
1115 4147 1202 4210 quarn
1236 4130 1323 4213 vulgo
1353 4128 1477 4198 dicimus
1509 4128 1653 4195 Missum,
1687 4125 1720 4186 in
1750 4138 1808 4204 qua

545 4243 611 4284 cum
643 4228 724 4309 prius
755 4232 969 4292 Sacrosandum
1002 4252 1055 4316 ego
1086 4231 1209 4304 Domini
1241 4235 1352 4316 Corpus
1389 4233 1618 4316 Sanguinemque
1649 4229 1809 4295 libassem.

545 4346 608 4392 tum
640 4331 690 4391 ille
722 4349 788 4394 ante
820 4339 911 4396 Aram
953 4335 983 4416 in
1017 4356 1109 4419 genua
1143 4336 1233 4398 flexus
1267 4337 1550 4400 concommunicarit
1579 4335 1717 4419 singulari
1757 4331 1808 4394 hu·

546 4433 688 4528 militate,
712 4443 738 4495 δι
760 4456 901 4520 quantum
918 4440 1034 4525 agnosci
1054 4457 1166 4523 poterat
1186 4439 1291 4504 devota
1310 4440 1429 4524 quidem
1451 4454 1564 4506 mente.
1585 4443 1613 4496 δε
1628 4437 1720 4498 οτεᾶε
1737 4455 1810 4498 sem·

548 4555 600 4614 per
620 4538 648 4595 in
673 4542 788 4600 Deum.
809 4545 925 4605 Peracta
949 4569 977 4605 re
998 4549 1099 4612 Sacra,
1122 4543 1292 4605 vestimenta
1313 4564 1382 4604 mox
1404 4565 1487 4605 ame
1508 4562 1621 4624 quoque
1643 4557 1709 4601 sunt
1727 4539 1811 4612 bene·

549 4637 649 4708 diem
671 4661 768 4722 postca
790 4665 859 4707 vero
879 4647 991 4712 sublata
1010 4667 1099 4711 manu
1118 4643 1244 4722 bullam,
1264 4645 1406 4735 breveque
1425 4644 1576 4714 Pontificis
1606 4641 1736 4716 Marimi
1767 4655 1811 4700 te·
