4392 5838
592 711 665 790 270

617 811 756 896 expetisti
786 831 834 876 eos
862 813 1040 883 aPontiica
1060 813 1254 898 contingeret,
1275 831 1336 877 non
1367 815 1464 879 solum
1494 833 1555 880 non
1588 828 1731 881 venerunt
1758 833 1873 879 summo

619 911 793 989 mane,'sed
812 921 852 980 ita
873 921 971 993 tarde,
993 937 1026 983 ut
1046 940 1101 984 nos
1122 924 1282 1003 oportuerit
1303 923 1410 1006 pluries
1433 923 1469 984 ad
1490 945 1538 986 eos
1561 925 1674 984 mittere
1705 923 1873 994 ministros,

620 1025 672 1106 qui
695 1045 742 1084 eos
763 1024 968 1095 sollicitarent,
988 1026 1126 1109 quoniam
1158 1028 1235 1110 Papa
1256 1047 1322 1090 cum
1344 1044 1406 1089 toto
1433 1035 1536 1092 Senatu
1558 1029 1791 1091 indecentissime
1807 1037 1869 1089 'eos

598 1131 803 1213 expellebat.
824 1133 886 1215 Qui
906 1133 1022 1195 tandem
1045 1157 1111 1196 tum
1133 1135 1287 1204 venissent,
1309 1129 1444 1196 dixerunt
1464 1157 1493 1198 se
1514 1157 1574 1197 esse
1595 1142 1750 1206 senenses,
1768 1140 1873 1194 &mo-

619 1257 649 1297 re
670 1239 784 1298 Senensi
806 1236 919 1302 fecisse:
939 1237 1016 1298 idem
1039 1241 1123 1302 multi
1144 1239 1323 1321 interpretati
1345 1235 1413 1300 sunt
1428 1261 1477 1324 pet
1489 1246 1584 1317 jocum
1606 1239 1712 1324 dixisse
1732 1284 1740 1308 ,
1760 1259 1790 1300 se
1807 1259 1871 1302 esse

620 1339 712 1402 fatuos
728 1349 756 1401 bt
780 1364 858 1403 more
880 1341 959 1404 fatuo
981 1341 1098 1405 fecisse.
1119 1349 1163 1406 Hi
1179 1335 1262 1424 suere
1284 1346 1332 1404 Jo.
1353 1347 1492 1406 Antonius
1513 1342 1671 1406 Sornt'enus
1699 1365 1801 1427 eques,
1823 1346 1874 1422 qui

619 1450 775 1506 orationem
797 1447 918 1516 babuit,
942 1449 1097 1530 Ludooittrs
1117 1451 1341 1530 Buoninsegnius
1359 1473 1417 1529 pro
1445 1451 1582 1512 nobilium
1604 1445 1722 1520 ordine,
1745 1449 1876 1510 Alexan·

623 1552 672 1609 der
692 1549 854 1610 Petntrtius
876 1552 1011 1621 Dotion
1032 1555 1135 1630 Petrus
1156 1555 1330 1633 Burglresius
1348 1575 1402 1634 pro
1425 1558 1524 1634 ordine
1538 1557 1687 1638 Nonario,
1707 1552 1877 1615 Alexander

619 1653 842 1714 Piccolomineus
862 1653 994 1732 Andreae
1014 1659 1083 1718 olim
1105 1647 1218 1736 eq'nttts·
1224 1641 1325 1739 filius,
1346 1652 1381 1725 ό·
1402 1663 1451 1722 Ιο.
1473 1661 1605 1739 Baptista
1627 1655 1810 1736 Guglielmus
1822 1673 1874 1731 pro

619 1759 715 1818 ordine
732 1758 888 1854 populari.
911 1762 1078 1822 Orationem
1100 1761 1268 1824 Saraceni
1252 1780 1395 1842 integram
1426 1768 1522 1828 retulit
1553 1766 1749 1846 Sigismnndus
1783 1761 1878 1822 Titius

618 1865 650 1922 in
677 1862 741 1921 Vnt.
759 1861 837 1924 VH.
860 1847 1060 1924 Historiarum
1081 1865 1267 1939 Senensiurir,
1294 1873 1369 1946 quod
1396 1891 1463 1948 opus
1485 1889 1569 1931 manu
1591 1869 1724 1946 scriptum
1748 1879 1826 1927 extat
1847 1865 1878 1926 in

617 1969 707 2049 Lycei
728 1968 860 2031 Senensis
880 1955 1086 2034 Bibliotheca
1100 1958 1248 2032 Narrat
1237 1957 1297 2050 ipse
1318 1995 1393 2051 quoe
1413 1973 1580 2036 Senenses'
1569 1997 1623 2053 rpsr
1617 1974 1819 2034 'ediderint
1790 1991 1875 2048 signa

617 2076 716 2152 gaudii
737 2074 772 2133 ob
792 2055 928 2173 delatum
939 2078 1028 2138 Leoni
1062 2077 1169 2139 Summi
1199 2079 1381 2159 Pontificatus
1412 2081 1571 2150 honorem,
1608 2082 1683 2140 inter
1711 2097 1786 2156 quae
1815 2075 1878 2153 fuit

620 2178 762 2260 Troianus
782 2201 868 2258 equus
889 2161 965 2242 inlrn
986 2181 1064 2242 urbis
1086 2184 1197 2242 moenie
1219 2182 1372 2253 dedubbus,
1392 2187 1441 2244 red
1460 2206 1494 2244 ne
1515 2185 1635 2245 nimium
1666 2183 1845 2243 hilaritati
1834 2202 1878 2240 rn-

616 2285 762 2372 dirigerent
782 2283 905 2364 effirisse
924 2288 1074 2376 timorem,
1099 2309 1133 2348 ne
1150 2308 1204 2364 per
1222 2308 1284 2347 eum
1305 2287 1403 2363 patria
1425 2286 1540 2346 libertas
1560 2287 1782 2363 perturbaretur
1798 2287 1879 2345 Idem

617 2387 707 2446 multo
729 2389 791 2450 olio
816 2405 914 2449 narrat
935 2393 967 2452 de
989 2395 1179 2461 sermonibus,
1201 2393 1250 2469 qui
1275 2407 1331 2450 tum
1362 2389 1454 2469 sparsi
1474 2389 1591 2468 suerunt
1615 2392 1649 2450 tle
1687 2389 1809 2458 Leone,
1833 2409 1881 2451 nec

618 2492 742 2568 defuisse
760 2495 811 2570 qui
830 2495 1037 2572 inscriptionem
1059 2497 1207 2574 quamdam
1232 2497 1398 2555 mutilam'
1387 2517 1418 2554 m
1444 2495 1589 2556 Vaticana
1619 2495 1752 2556 Basilica
1783 2511 1881 2557 extan-

613 2610 690 2665 tem,
712 2617 752 2658 ex
768 2617 824 2675 quo
843 2600 973 2659 abrasum
983 2598 1087 2676 fuerat
1106 2599 1224 2661 Nicolai
1251 2600 1287 2660 V.
1306 2601 1432 2669 nomen,
1454 2621 1514 2668 cum
1536 2599 1712 2678 ‘superessent'
1738 2600 1793 2658 lrae
1814 2598 1879 2657 An-

616 2719 716 2760 norum
735 2717 820 2762 norae
839 2703 886 2762 M.
907 2703 1008 2764 CCCC·
1028 2701 1119 2774 XL,
1141 2705 1184 2764 ita
1206 2705 1472 2784 interpretarentur:
1493 2705 1580 2767 multi
1611 2701 1688 2766 c'aeti
1709 2701 1878 2764 cardinales

556 2799 559 2804 ’
614 2824 748 2867 creavere
766 2825 882 2868 caetum
902 2807 1060 2870 Decimum
1082 2811 1229 2871 Leonem.
1251 2811 1316 2870 Non
1338 2811 1406 2873 bene
1428 2814 1502 2872 enim
1524 2809 1613 2872 oeulis
1633 2811 1782 2870 nubatur.
1813 2807 1874 2866 At-

612 2912 689 2972 didit
709 2902 745 2974 b·
764 2915 846 2990 ipse:
867 2913 1001 2976 Pontifex
1023 2915 1123 2978 breves
1149 2907 1263 2977 litteras
1285 2915 1321 2976 ad
1344 2920 1480 2976 Senenses
1501 2913 1607 2982 dedit,
1634 2913 1738 2996 quibus
1759 2911 1879 2972 creatio-

614 3033 686 3076 nem
707 3035 788 3077 stram
807 3017 866 3078 illis
887 3017 1080 3101 significarit,
1100 3040 1186 3103 seque
1207 3041 1272 3105 erga
1289 3021 1354 3082 illos
1370 3021 1500 3083 eamdem
1518 3017 1768 3086 benevolentiam,
1793 3027 1880 3096 quam

507 3186 517 3190 -
614 3123 684 3199 erga
704 3119 902 3190 Florentinoa,
916 3123 1123 3204 praestitutum
1145 3123 1300 3206 promisit.
1323 3125 1426 3185 Nihilo
1446 3141 1544 3185 tamen
1566 3121 1661 3182 minus
1682 3115 1809 3181 Castello
1834 3135 1885 3196 po-

613 3219 690 3282 titus
706 3240 766 3293 est,
788 3231 818 3285 bt
840 3224 1017 3309 Raphaelem
1041 3229 1228 3290 Petruccium
1249 3234 1404 3292 senensem
1426 3237 1453 3290 bt
1475 3228 1653 3312 Episcopum
1666 3228 1879 3288 Grossetanum

616 3323 715 3386 eidem
733 3326 899 3413 praefecit.

535 3426 602 3512 (25)
622 3431 659 3492 In
679 3431 731 3492 boe
749 3457 864 3498 munere
883 3440 975 3514 ipsum
996 3439 1055 3500 teo
1075 3439 1267 3520 confirmarit,
1287 3445 1365 3518 quob
1381 3437 1539 3520 beneficium
1561 3435 1608 3498 lris
1628 3433 1722 3494 verbis
1751 3427 1879 3490 &clara-

616 3537 660 3596 vit
676 3575 686 3594 ·
704 3538 775 3600 Tibi
796 3541 952 3624 imperium
977 3560 1144 3604 nostrorum
1163 3543 1341 3604 exercituum
1363 3543 1395 3604 in
1426 3549 1536 3604 annum
1563 3537 1682 3622 quidem
1709 3531 1882 3618 proximum

615 3653 711 3709 eette,
731 3641 764 3702 in
784 3644 907 3706 alterum
927 3664 1024 3708 autem
1045 3647 1141 3728 quoad
1162 3647 1248 3708 nobis
1268 3645 1370 3709 libebit
1383 3633 1399 3717 ,¹
1420 3643 1606 3709 extendimus
1637 3648 1665 3702 bt
1692 3649 1882 3723 prorogantur

615 3756 683 3797 ‘um
699 3744 822 3820 eadem,
842 3769 930 3832 quam
952 3751 1040 3812 habes
1056 3751 1141 3812 turba
1160 3750 1352 3812 ducentorum
1374 3738 1516 3832 ,eqditum
1547 3745 1792 3831 cataphratlorum
1808 3758 1822 3806 ¹,
1851 3741 1882 3796 tt

614 3839 689 3901 lem
709 3851 1018 3936 armatmmuimm
1037 3870 1175 3922 centum,
1196 3853 1359 3938 eodemque
1369 3853 1406 3915 ad
1417 3872 1466 3915 eos
1476 3851 1593 3913 alendos
1615 3843 1760 3931 stipendio
1771 3841 1826 3902 trbt
1838 3857 1883 3900 εο-

615 3944 675 4006 ¹1²⁰
691 3941 754 4004 ‘1²¹¹
774 3963 899 4004 numum
920 3953 1195 4036 alffimmeies
1212 3959 1311 4024 mille:
1333 3957 1369 4018 ad
1389 3973 1419 4018 te
1441 3971 1519 4018 reto
1530 3957 1625 4036 ipsum
1656 3950 1752 4011 decies
1781 3953 1810 4005 bt
1838 3957 1884 4002 tet

616 4047 699 4109 mille
719 4060 807 4127 atque
824 4045 1057 4128 oblingentotum
1077 4032 1326 4129 quadraginta
1286 4061 1437 4130 quatuor:
1444 4061 1559 4113 Hnet
1564 4041 1685 4136 referre
1705 4045 1818 4118 libuit,
1848 4057 1883 4105 ut

618 4171 660 4214 ert
676 4154 715 4213 iis
735 4149 917 4229 intelligetur
934 4154 1032 4228 quanti
1054 4165 1145 4212 staret
1165 4152 1206 4212 iis
1229 4154 1401 4229 temporibus
1421 4163 1463 4212 res
1484 4153 1649 4216 militaris
1703 4173 1708 4180 '
1804 4156 1811 4180 ¹

492 4318 494 4322 ,
537 4255 603 4339 (26)
623 4257 675 4318 Ex
693 4257 788 4318 eodem
813 4255 894 4315 Titio
911 4257 1068 4316 exscribam
1084 4273 1235 4332 pompam,
1249 4273 1308 4332 qua
1322 4253 1461 4335 Pontifex
1475 4261 1567 4319 dudm
1589 4241 1632 4318 e'st
1645 4261 1687 4319 ab
1700 4251 1878 4318 biremem:

618 4384 678 4425 sem
698 4361 883 4421 Basilicam.
900 4347 1227 4438 Procedebantlinquit
1243 4360 1314 4439 ille)
1345 4361 1457 4443 priores
1485 4353 1617 4423 Scutlfeti
1649 4357 1743 4422 serico
1768 4353 1875 4420 vellere

615 4465 715 4526 incluti
734 4463 823 4524 rubeo
841 4461 879 4524 ad
899 4463 934 4522 L.
952 4481 1022 4522 mox
1042 4453 1181 4546 cursores
1200 4456 1288 4524 xlv,
1301 4460 1432 4526 tenentes
1450 4457 1701 4550 singulamilia,
1723 4459 1877 4524 Cubicula·

622 4567 660 4626 tii
678 4565 821 4635 subinde,
841 4571 870 4625 bt
890 4569 1115 4644 conservatores
1134 4561 1226 4626 Urbis
1244 4567 1301 4626 111.
1322 4567 1517 4648 Hieronymus
1535 4562 1671 4656 iidelicdt
1692 4559 1875 4656 lbenzoniuto

562 4691 565 4698 ·
619 4662 778 4751 Stephanus
798 4667 973 4744 Carbonius,
1000 4677 1029 4730 tt
1049 4663 1461 4754 Mitius'bpa'ttitappu‘in'tet
1491 4667 1612 4732 lirultos'
1629 4665 1776 4728 Dmrrinor
1793 4680 1876 4726 ⁴ton·
