<?xml version="1.0" encoding="UTF-8"?>
<!DOCTYPE html PUBLIC "-//W3C//DTD XHTML 1.0 Transitional//EN"
    "http://www.w3.org/TR/xhtml1/DTD/xhtml1-transitional.dtd">
<html xmlns="http://www.w3.org/1999/xhtml" xml:lang="en" lang="en">
 <head>
  <title>
</title>
<meta http-equiv="Content-Type" content="text/html;charset=utf-8" />
  <meta name='ocr-system' content='tesseract 3.04.00' />
  <meta name='ocr-capabilities' content='ocr_page ocr_carea ocr_par ocr_line ocrx_word'/>
</head>
<body>
  <div class='ocr_page' id='page_1' title='image "./leonisxpontific00fabrgoog_0162.png"; bbox 0 0 4386 5838; ppageno 0'>
   <div class='ocr_carea' id='block_1_1' title="bbox 515 735 1955 3138">
    <p class='ocr_par' dir='ltr' id='par_1_1' title="bbox 515 735 1950 2535">
     <span class='ocr_line' id='line_1_1' title="bbox 662 735 1547 824; baseline 0.005 -18"><span class='ocrx_word' id='word_1_1' title='bbox 662 750 730 824; x_wconf 80' lang='lat'>154</span> <span class='ocrx_word' id='word_1_2' title='bbox 1037 735 1066 812; x_wconf 90' lang='lat' dir='ltr'>L</span> <span class='ocrx_word' id='word_1_3' title='bbox 1113 741 1141 814; x_wconf 85' lang='grc' dir='ltr'>Ε</span> <span class='ocrx_word' id='word_1_4' title='bbox 1190 740 1224 814; x_wconf 89' lang='lat' dir='ltr'>O</span> <span class='ocrx_word' id='word_1_5' title='bbox 1271 743 1301 812; x_wconf 88' lang='lat' dir='ltr'>N</span> <span class='ocrx_word' id='word_1_6' title='bbox 1348 744 1363 814; x_wconf 89' lang='lat' dir='ltr'>l</span> <span class='ocrx_word' id='word_1_7' title='bbox 1399 741 1435 812; x_wconf 68' lang='lat' dir='ltr'>‘S</span> <span class='ocrx_word' id='word_1_8' title='bbox 1506 737 1547 810; x_wconf 80' lang='lat' dir='ltr'>X.</span> 
     </span>
     <span class='ocr_line' id='line_1_2' title="bbox 607 859 1943 958; baseline 0.006 -26"><span class='ocrx_word' id='word_1_9' title='bbox 607 882 706 944; x_wconf 82' lang='lat' dir='ltr'>reru,</span> <span class='ocrx_word' id='word_1_10' title='bbox 730 883 873 954; x_wconf 80' lang='lat' dir='ltr'>euntque</span> <span class='ocrx_word' id='word_1_11' title='bbox 899 859 1026 934; x_wconf 86' lang='lat' dir='ltr'>auxilio</span> <span class='ocrx_word' id='word_1_12' title='bbox 1057 859 1201 951; x_wconf 90' lang='lat' dir='ltr'>laboris,</span> <span class='ocrx_word' id='word_1_13' title='bbox 1221 869 1472 948; x_wconf 82' lang='lat' dir='ltr'>commeatus,</span> <span class='ocrx_word' id='word_1_14' title='bbox 1509 859 1683 948; x_wconf 90' lang='lat' dir='ltr'>militurn,</span> <span class='ocrx_word' id='word_1_15' title='bbox 1717 860 1751 932; x_wconf 66' lang='grc' dir='ltr'>δι</span> <span class='ocrx_word' id='word_1_16' title='bbox 1787 863 1943 958; x_wconf 86' lang='lat' dir='ltr'>periculo</span> 
     </span>
     <span class='ocr_line' id='line_1_3' title="bbox 515 981 1944 1086; baseline 0.006 -36"><span class='ocrx_word' id='word_1_17' title='bbox 515 1045 519 1050; x_wconf 89' lang='lat'>.</span> <span class='ocrx_word' id='word_1_18' title='bbox 606 1005 672 1054; x_wconf 86' lang='lat' dir='ltr'>suo</span> <span class='ocrx_word' id='word_1_19' title='bbox 695 984 805 1086; x_wconf 74' lang='lat' dir='ltr'>iuvit.</span> <span class='ocrx_word' id='word_1_20' title='bbox 830 985 970 1055; x_wconf 81' lang='lat' dir='ltr'>Frustra</span> <span class='ocrx_word' id='word_1_21' title='bbox 992 1005 1029 1057; x_wconf 88' lang='lat' dir='ltr'>se</span> <span class='ocrx_word' id='word_1_22' title='bbox 1052 1005 1089 1054; x_wconf 86' lang='lat' dir='ltr'>se</span> <span class='ocrx_word' id='word_1_23' title='bbox 1113 981 1320 1074; x_wconf 81' lang='lat' dir='ltr'>interposuit</span> <span class='ocrx_word' id='word_1_24' title='bbox 1345 981 1381 1053; x_wconf 90' lang='lat' dir='ltr'>in</span> <span class='ocrx_word' id='word_1_25' title='bbox 1403 1004 1520 1056; x_wconf 84' lang='lat' dir='ltr'>eorum</span> <span class='ocrx_word' id='word_1_26' title='bbox 1565 981 1708 1078; x_wconf 79' lang='lat' dir='ltr'>querelis</span> <span class='ocrx_word' id='word_1_27' title='bbox 1747 984 1944 1060; x_wconf 76' lang='lat' dir='ltr'>Britanniae</span> 
     </span>
     <span class='ocr_line' id='line_1_4' title="bbox 604 1099 1945 1202; baseline 0.004 -31"><span class='ocrx_word' id='word_1_28' title='bbox 604 1103 709 1190; x_wconf 82' lang='lat' dir='ltr'>Rex,</span> <span class='ocrx_word' id='word_1_29' title='bbox 733 1105 864 1194; x_wconf 81' lang='lat' dir='ltr'>&amp;ipse</span> <span class='ocrx_word' id='word_1_30' title='bbox 890 1125 1027 1198; x_wconf 87' lang='lat' dir='ltr'>quoque</span> <span class='ocrx_word' id='word_1_31' title='bbox 1051 1099 1190 1175; x_wconf 77' lang='lat' dir='ltr'>coruus</span> <span class='ocrx_word' id='word_1_32' title='bbox 1216 1125 1488 1202; x_wconf 3' lang='lat' dir='ltr'>armaxsumere,</span> <span class='ocrx_word' id='word_1_33' title='bbox 1525 1099 1646 1176; x_wconf 81' lang='lat' dir='ltr'>foedus</span> <span class='ocrx_word' id='word_1_34' title='bbox 1686 1123 1763 1175; x_wconf 88' lang='lat' dir='ltr'>cum</span> <span class='ocrx_word' id='word_1_35' title='bbox 1797 1105 1945 1176; x_wconf 78' lang='lat' dir='ltr'>Caesare</span> 
     </span>
     <span class='ocr_line' id='line_1_5' title="bbox 607 1209 1945 1320; baseline 0.004 -27"><span class='ocrx_word' id='word_1_36' title='bbox 607 1223 743 1314; x_wconf 78' lang='lat' dir='ltr'>junxit.</span> <span class='ocrx_word' id='word_1_37' title='bbox 767 1225 958 1315; x_wconf 81' lang='lat' dir='ltr'>Antequam</span> <span class='ocrx_word' id='word_1_38' title='bbox 981 1244 1066 1296; x_wconf 86' lang='lat' dir='ltr'>vero</span> <span class='ocrx_word' id='word_1_39' title='bbox 1092 1221 1204 1316; x_wconf 86' lang='lat' dir='ltr'>palarn</span> <span class='ocrx_word' id='word_1_40' title='bbox 1226 1223 1377 1309; x_wconf 86' lang='lat' dir='ltr'>fierent,</span> <span class='ocrx_word' id='word_1_41' title='bbox 1401 1246 1490 1320; x_wconf 89' lang='lat' dir='ltr'>quae</span> <span class='ocrx_word' id='word_1_42' title='bbox 1523 1209 1756 1298; x_wconf 79' lang='lat' dir='ltr'>convenerant</span> <span class='ocrx_word' id='word_1_43' title='bbox 1794 1224 1885 1297; x_wconf 91' lang='lat' dir='ltr'>inter</span> <span class='ocrx_word' id='word_1_44' title='bbox 1908 1243 1945 1299; x_wconf 82' lang='lat' dir='ltr'>tc</span> 
     </span>
     <span class='ocr_line' id='line_1_6' title="bbox 608 1329 1944 1431; baseline 0.004 -17"><span class='ocrx_word' id='word_1_45' title='bbox 608 1345 737 1416; x_wconf 84' lang='lat' dir='ltr'>Caesar</span> <span class='ocrx_word' id='word_1_46' title='bbox 768 1347 802 1416; x_wconf 77' lang='lat' dir='ltr'>tr</span> <span class='ocrx_word' id='word_1_47' title='bbox 826 1343 1009 1431; x_wconf 80' lang='lat' dir='ltr'>Pontifet,</span> <span class='ocrx_word' id='word_1_48' title='bbox 1033 1329 1204 1418; x_wconf 77' lang='lat' dir='ltr'>communi</span> <span class='ocrx_word' id='word_1_49' title='bbox 1229 1344 1378 1418; x_wconf 88' lang='lat' dir='ltr'>consilio</span> <span class='ocrx_word' id='word_1_50' title='bbox 1393 1343 1621 1418; x_wconf 88' lang='lat' dir='ltr'>deliberatum</span> <span class='ocrx_word' id='word_1_51' title='bbox 1637 1343 1703 1417; x_wconf 87' lang='lat' dir='ltr'>fuit</span> <span class='ocrx_word' id='word_1_52' title='bbox 1727 1345 1770 1418; x_wconf 86' lang='lat' dir='ltr'>de</span> <span class='ocrx_word' id='word_1_53' title='bbox 1788 1345 1944 1419; x_wconf 87' lang='lat' dir='ltr'>adorien-</span> 
     </span>
     <span class='ocr_line' id='line_1_7' title="bbox 610 1461 1947 1568; baseline 0.001 -31"><span class='ocrx_word' id='word_1_54' title='bbox 610 1461 664 1537; x_wconf 86' lang='lat' dir='ltr'>dis</span> <span class='ocrx_word' id='word_1_55' title='bbox 688 1483 759 1536; x_wconf 90' lang='lat' dir='ltr'>uno</span> <span class='ocrx_word' id='word_1_56' title='bbox 783 1463 970 1566; x_wconf 83' lang='lat' dir='ltr'>eodemque</span> <span class='ocrx_word' id='word_1_57' title='bbox 995 1482 1145 1554; x_wconf 88' lang='lat' dir='ltr'>tempore</span> <span class='ocrx_word' id='word_1_58' title='bbox 1169 1462 1365 1568; x_wconf 85' lang='lat' dir='ltr'>Mediolano</span> <span class='ocrx_word' id='word_1_59' title='bbox 1394 1469 1427 1534; x_wconf 76' lang='lat' dir='ltr'>dt</span> <span class='ocrx_word' id='word_1_60' title='bbox 1463 1469 1607 1548; x_wconf 82' lang='lat' dir='ltr'>Genua,</span> <span class='ocrx_word' id='word_1_61' title='bbox 1647 1488 1734 1559; x_wconf 86' lang='lat' dir='ltr'>quae</span> <span class='ocrx_word' id='word_1_62' title='bbox 1773 1465 1873 1540; x_wconf 88' lang='lat' dir='ltr'>nrbes</span> <span class='ocrx_word' id='word_1_63' title='bbox 1901 1489 1947 1540; x_wconf 84' lang='lat' dir='ltr'>et</span> 
     </span>
     <span class='ocr_line' id='line_1_8' title="bbox 610 1581 1948 1688; baseline 0.005 -35"><span class='ocrx_word' id='word_1_64' title='bbox 610 1581 747 1680; x_wconf 77' lang='lat' dir='ltr'>insidiis</span> <span class='ocrx_word' id='word_1_65' title='bbox 772 1585 899 1659; x_wconf 87' lang='lat' dir='ltr'>tentari</span> <span class='ocrx_word' id='word_1_66' title='bbox 921 1607 1059 1680; x_wconf 86' lang='lat' dir='ltr'>quoqne</span> <span class='ocrx_word' id='word_1_67' title='bbox 1083 1608 1184 1678; x_wconf 89' lang='lat' dir='ltr'>posse</span> <span class='ocrx_word' id='word_1_68' title='bbox 1209 1586 1434 1658; x_wconf 86' lang='lat' dir='ltr'>videbantur.</span> <span class='ocrx_word' id='word_1_69' title='bbox 1460 1588 1583 1688; x_wconf 71' lang='lat' dir='ltr'>Egerat</span> <span class='ocrx_word' id='word_1_70' title='bbox 1611 1588 1698 1658; x_wconf 88' lang='lat' dir='ltr'>eninr</span> <span class='ocrx_word' id='word_1_71' title='bbox 1719 1586 1948 1678; x_wconf 80' lang='lat' dir='ltr'>Hieronymus</span> 
     </span>
     <span class='ocr_line' id='line_1_9' title="bbox 609 1685 1950 1808; baseline 0.006 -34"><span class='ocrx_word' id='word_1_72' title='bbox 609 1703 772 1778; x_wconf 83' lang='lat' dir='ltr'>Adurnus</span> <span class='ocrx_word' id='word_1_73' title='bbox 806 1725 882 1777; x_wconf 87' lang='lat' dir='ltr'>cnm</span> <span class='ocrx_word' id='word_1_74' title='bbox 906 1705 1021 1778; x_wconf 83' lang='lat' dir='ltr'>Leone</span> <span class='ocrx_word' id='word_1_75' title='bbox 1051 1685 1086 1780; x_wconf 70' lang='lat' dir='ltr'>dr</span> <span class='ocrx_word' id='word_1_76' title='bbox 1109 1705 1268 1779; x_wconf 82' lang='lat' dir='ltr'>Manuale</span> <span class='ocrx_word' id='word_1_77' title='bbox 1288 1707 1334 1780; x_wconf 90' lang='lat' dir='ltr'>de</span> <span class='ocrx_word' id='word_1_78' title='bbox 1365 1707 1566 1798; x_wconf 88' lang='lat' dir='ltr'>occupando</span> <span class='ocrx_word' id='word_1_79' title='bbox 1595 1731 1653 1808; x_wconf 85' lang='lat' dir='ltr'>per</span> <span class='ocrx_word' id='word_1_80' title='bbox 1682 1705 1843 1804; x_wconf 68' lang='lat' dir='ltr'>factiosos</span> <span class='ocrx_word' id='word_1_81' title='bbox 1876 1707 1950 1782; x_wconf 89' lang='lat' dir='ltr'>lro·</span> 
     </span>
     <span class='ocr_line' id='line_1_10' title="bbox 609 1817 1948 1924; baseline 0.001 -27"><span class='ocrx_word' id='word_1_82' title='bbox 609 1827 741 1912; x_wconf 87' lang='lat' dir='ltr'>mines,</span> <span class='ocrx_word' id='word_1_83' title='bbox 768 1847 857 1918; x_wconf 86' lang='lat' dir='ltr'>quos</span> <span class='ocrx_word' id='word_1_84' title='bbox 880 1823 945 1898; x_wconf 83' lang='lat' dir='ltr'>sibi</span> <span class='ocrx_word' id='word_1_85' title='bbox 969 1817 1220 1914; x_wconf 81' lang='lat' dir='ltr'>obstrinxerat,</span> <span class='ocrx_word' id='word_1_86' title='bbox 1249 1828 1427 1906; x_wconf 81' lang='lat' dir='ltr'>Genuensi</span> <span class='ocrx_word' id='word_1_87' title='bbox 1450 1827 1675 1924; x_wconf 74' lang='lat' dir='ltr'>Principem,</span> <span class='ocrx_word' id='word_1_88' title='bbox 1713 1847 1776 1908; x_wconf 89' lang='lat' dir='ltr'>nec</span> <span class='ocrx_word' id='word_1_89' title='bbox 1801 1826 1948 1900; x_wconf 86' lang='lat' dir='ltr'>minoret</span> 
     </span>
     <span class='ocr_line' id='line_1_11' title="bbox 605 1926 1950 2050; baseline 0.002 -34"><span class='ocrx_word' id='word_1_90' title='bbox 605 1964 695 2044; x_wconf 83' lang='lat' dir='ltr'>spes</span> <span class='ocrx_word' id='word_1_91' title='bbox 712 1941 824 2050; x_wconf 81' lang='lat' dir='ltr'>alebat</span> <span class='ocrx_word' id='word_1_92' title='bbox 848 1926 1075 2035; x_wconf 81' lang='lat' dir='ltr'>Hieronymus</span> <span class='ocrx_word' id='word_1_93' title='bbox 1102 1948 1296 2025; x_wconf 85' lang='lat' dir='ltr'>Moronius.</span> <span class='ocrx_word' id='word_1_94' title='bbox 1324 1949 1382 2044; x_wconf 90' lang='lat' dir='ltr'>qui</span> <span class='ocrx_word' id='word_1_95' title='bbox 1407 1948 1561 2044; x_wconf 85' lang='lat' dir='ltr'>Tridenti</span> <span class='ocrx_word' id='word_1_96' title='bbox 1584 1967 1659 2022; x_wconf 86' lang='lat' dir='ltr'>erat</span> <span class='ocrx_word' id='word_1_97' title='bbox 1690 1944 1782 2038; x_wconf 85' lang='lat' dir='ltr'>apud</span> <span class='ocrx_word' id='word_1_98' title='bbox 1802 1945 1950 2019; x_wconf 80' lang='lat' dir='ltr'>Franci·</span> 
     </span>
     <span class='ocr_line' id='line_1_12' title="bbox 605 2061 1950 2164; baseline 0 -26"><span class='ocrx_word' id='word_1_99' title='bbox 605 2087 706 2140; x_wconf 84' lang='lat' dir='ltr'>sento</span> <span class='ocrx_word' id='word_1_100' title='bbox 729 2061 890 2138; x_wconf 82' lang='lat' dir='ltr'>Ssortiat&#39;n</span> <span class='ocrx_word' id='word_1_101' title='bbox 914 2084 991 2138; x_wconf 86' lang='lat' dir='ltr'>cum</span> <span class='ocrx_word' id='word_1_102' title='bbox 1015 2065 1219 2159; x_wconf 89' lang='lat' dir='ltr'>prirnoribus</span> <span class='ocrx_word' id='word_1_103' title='bbox 1245 2065 1383 2142; x_wconf 82' lang='lat' dir='ltr'>exulum</span> <span class='ocrx_word' id='word_1_104' title='bbox 1407 2067 1742 2164; x_wconf 74' lang='lat' dir='ltr'>Mediolanensibus,</span> <span class='ocrx_word' id='word_1_105' title='bbox 1765 2065 1877 2158; x_wconf 76' lang='lat' dir='ltr'>magni</span> <span class='ocrx_word' id='word_1_106' title='bbox 1895 2085 1950 2140; x_wconf 85' lang='lat' dir='ltr'>aa·</span> 
     </span>
     <span class='ocr_line' id='line_1_13' title="bbox 606 2185 1950 2286; baseline -0.001 -24"><span class='ocrx_word' id='word_1_107' title='bbox 606 2206 655 2262; x_wconf 87' lang='lat' dir='ltr'>ne</span> <span class='ocrx_word' id='word_1_108' title='bbox 678 2187 783 2261; x_wconf 88' lang='lat' dir='ltr'>animi</span> <span class='ocrx_word' id='word_1_109' title='bbox 802 2185 1011 2274; x_wconf 77' lang='lat' dir='ltr'>hominbus,</span> <span class='ocrx_word' id='word_1_110' title='bbox 1035 2191 1070 2262; x_wconf 79' lang='lat' dir='ltr'>tr</span> <span class='ocrx_word' id='word_1_111' title='bbox 1105 2186 1149 2262; x_wconf 85' lang='lat' dir='ltr'>ad</span> <span class='ocrx_word' id='word_1_112' title='bbox 1184 2188 1348 2284; x_wconf 80' lang='lat' dir='ltr'>quidlibet</span> <span class='ocrx_word' id='word_1_113' title='bbox 1389 2188 1579 2265; x_wconf 61' lang='lat' dir='ltr'>atmodum</span> <span class='ocrx_word' id='word_1_114' title='bbox 1610 2185 1863 2286; x_wconf 71' lang='lat' dir='ltr'>paratissimis,</span> <span class='ocrx_word' id='word_1_115' title='bbox 1900 2187 1950 2261; x_wconf 83' lang='lat' dir='ltr'>Et</span> 
     </span>
     <span class='ocr_line' id='line_1_14' title="bbox 608 2289 1949 2406; baseline -0.001 -24"><span class='ocrx_word' id='word_1_116' title='bbox 608 2289 751 2404; x_wconf 81' lang='lat' dir='ltr'>propter</span> <span class='ocrx_word' id='word_1_117' title='bbox 781 2308 851 2383; x_wconf 82' lang='lat' dir='ltr'>Leo</span> <span class='ocrx_word' id='word_1_118' title='bbox 874 2309 1050 2384; x_wconf 83' lang='lat' dir='ltr'>mandavit</span> <span class='ocrx_word' id='word_1_119' title='bbox 1072 2312 1258 2383; x_wconf 78' lang='lat' dir='ltr'>Francisco</span> <span class='ocrx_word' id='word_1_120' title='bbox 1283 2311 1566 2402; x_wconf 86' lang='lat' dir='ltr'>Gnitciardinio,</span> <span class='ocrx_word' id='word_1_121' title='bbox 1588 2313 1686 2406; x_wconf 84' lang='lat' dir='ltr'>eujus</span> <span class='ocrx_word' id='word_1_122' title='bbox 1712 2306 1949 2404; x_wconf 70' lang='lat' dir='ltr'>pemlgatunt</span> 
     </span>
     <span class='ocr_line' id='line_1_15' title="bbox 554 2431 1949 2535; baseline -0.006 -26"><span class='ocrx_word' id='word_1_123' title='bbox 554 2445 557 2454; x_wconf 85' lang='lat'>&#39;</span> <span class='ocrx_word' id='word_1_124' title='bbox 608 2452 668 2508; x_wconf 84' lang='lat' dir='ltr'>est</span> <span class='ocrx_word' id='word_1_125' title='bbox 689 2451 737 2506; x_wconf 90' lang='lat' dir='ltr'>no</span> <span class='ocrx_word' id='word_1_126' title='bbox 771 2453 840 2514; x_wconf 86' lang='lat' dir='ltr'>en,</span> <span class='ocrx_word' id='word_1_127' title='bbox 872 2432 998 2526; x_wconf 88' lang='lat' dir='ltr'>quique</span> <span class='ocrx_word' id='word_1_128' title='bbox 1022 2453 1085 2524; x_wconf 89' lang='lat' dir='ltr'>pro</span> <span class='ocrx_word' id='word_1_129' title='bbox 1103 2453 1141 2504; x_wconf 86' lang='lat' dir='ltr'>se</span> <span class='ocrx_word' id='word_1_130' title='bbox 1166 2431 1321 2504; x_wconf 85' lang='lat' dir='ltr'>Mutinae</span> <span class='ocrx_word' id='word_1_131' title='bbox 1345 2437 1380 2507; x_wconf 85' lang='lat' dir='ltr'>tr</span> <span class='ocrx_word' id='word_1_132' title='bbox 1404 2433 1512 2535; x_wconf 75' lang='lat' dir='ltr'>Regio</span> <span class='ocrx_word' id='word_1_133' title='bbox 1533 2433 1648 2527; x_wconf 79' lang='lat' dir='ltr'>Lepidi</span> <span class='ocrx_word' id='word_1_134' title='bbox 1684 2445 1866 2526; x_wconf 80' lang='lat' dir='ltr'>praeerat,</span> <span class='ocrx_word' id='word_1_135' title='bbox 1908 2446 1949 2500; x_wconf 88' lang='lat' dir='ltr'>ut</span> 
     </span>
    </p>

    <p class='ocr_par' dir='ltr' id='par_1_2' title="bbox 606 2453 1955 3138">
     <span class='ocr_line' id='line_1_16' title="bbox 607 2453 1953 2650; baseline -0.005 -21"><span class='ocrx_word' id='word_1_136' title='bbox 607 2453 870 2650; x_wconf 53' lang='lat' dir='ltr'>quibnfposrer</span> <span class='ocrx_word' id='word_1_137' title='bbox 895 2552 1021 2640; x_wconf 88' lang='lat' dir='ltr'>rebus,</span> <span class='ocrx_word' id='word_1_138' title='bbox 1042 2553 1104 2628; x_wconf 87' lang='lat' dir='ltr'>sed</span> <span class='ocrx_word' id='word_1_139' title='bbox 1128 2573 1279 2644; x_wconf 87' lang='lat' dir='ltr'>secreto,</span> <span class='ocrx_word' id='word_1_140' title='bbox 1315 2577 1358 2630; x_wconf 89' lang='lat' dir='ltr'>ne</span> <span class='ocrx_word' id='word_1_141' title='bbox 1386 2551 1491 2629; x_wconf 85' lang='lat' dir='ltr'>ullam</span> <span class='ocrx_word' id='word_1_142' title='bbox 1515 2572 1667 2648; x_wconf 81' lang='lat' dir='ltr'>apertam</span> <span class='ocrx_word' id='word_1_143' title='bbox 1700 2551 1809 2626; x_wconf 83' lang='lat' dir='ltr'>Gallis</span> <span class='ocrx_word' id='word_1_144' title='bbox 1833 2549 1953 2648; x_wconf 89' lang='lat' dir='ltr'>queri-</span> 
     </span>
     <span class='ocr_line' id='line_1_17' title="bbox 607 2670 1954 2773; baseline -0.003 -25"><span class='ocrx_word' id='word_1_145' title='bbox 607 2674 748 2752; x_wconf 84' lang='lat' dir='ltr'>monite</span> <span class='ocrx_word' id='word_1_146' title='bbox 770 2697 924 2750; x_wconf 87' lang='lat' dir='ltr'>caussam</span> <span class='ocrx_word' id='word_1_147' title='bbox 947 2673 1067 2760; x_wconf 82' lang='lat' dir='ltr'>daret,</span> <span class='ocrx_word' id='word_1_148' title='bbox 1089 2676 1224 2773; x_wconf 82' lang='lat' dir='ltr'>juvaret</span> <span class='ocrx_word' id='word_1_149' title='bbox 1248 2673 1467 2764; x_wconf 85' lang='lat' dir='ltr'>Moroninrn,</span> <span class='ocrx_word' id='word_1_150' title='bbox 1489 2676 1548 2750; x_wconf 90' lang='lat' dir='ltr'>cni</span> <span class='ocrx_word' id='word_1_151' title='bbox 1573 2670 1640 2770; x_wconf 80' lang='lat' dir='ltr'>jani</span> <span class='ocrx_word' id='word_1_152' title='bbox 1662 2671 1804 2748; x_wconf 83' lang='lat' dir='ltr'>dederat</span> <span class='ocrx_word' id='word_1_153' title='bbox 1844 2693 1954 2768; x_wconf 86' lang='lat' dir='ltr'>pecn-</span> 
     </span>
     <span class='ocr_line' id='line_1_18' title="bbox 607 2795 1952 2894; baseline -0.003 -24"><span class='ocrx_word' id='word_1_154' title='bbox 607 2795 704 2870; x_wconf 82' lang='lat' dir='ltr'>niam</span> <span class='ocrx_word' id='word_1_155' title='bbox 727 2797 773 2892; x_wconf 86' lang='lat' dir='ltr'>ad</span> <span class='ocrx_word' id='word_1_156' title='bbox 795 2796 1064 2872; x_wconf 86' lang='lat' dir='ltr'>conscribendos</span> <span class='ocrx_word' id='word_1_157' title='bbox 1086 2798 1233 2876; x_wconf 87' lang='lat' dir='ltr'>milites.</span> <span class='ocrx_word' id='word_1_158' title='bbox 1266 2796 1504 2894; x_wconf 82' lang='lat' dir='ltr'>Nequiequatn</span> <span class='ocrx_word' id='word_1_159' title='bbox 1540 2797 1701 2874; x_wconf 78' lang='lat' dir='ltr'>Adurunt</span> <span class='ocrx_word' id='word_1_160' title='bbox 1725 2817 1806 2869; x_wconf 85' lang='lat' dir='ltr'>cont</span> <span class='ocrx_word' id='word_1_161' title='bbox 1821 2811 1952 2886; x_wconf 84' lang='lat' dir='ltr'>septem</span> 
     </span>
     <span class='ocr_line' id='line_1_19' title="bbox 606 2917 1955 3016; baseline -0.001 -26"><span class='ocrx_word' id='word_1_162' title='bbox 606 2917 823 3008; x_wconf 82' lang='lat' dir='ltr'>triremibus,</span> <span class='ocrx_word' id='word_1_163' title='bbox 849 2923 883 2992; x_wconf 81' lang='lat' dir='ltr'>tr</span> <span class='ocrx_word' id='word_1_164' title='bbox 907 2917 986 3016; x_wconf 83' lang='lat' dir='ltr'>aliis</span> <span class='ocrx_word' id='word_1_165' title='bbox 1014 2920 1205 2994; x_wconf 85' lang='lat' dir='ltr'>minoribus</span> <span class='ocrx_word' id='word_1_166' title='bbox 1230 2920 1397 3008; x_wconf 82' lang='lat' dir='ltr'>nauibus,</span> <span class='ocrx_word' id='word_1_167' title='bbox 1421 2941 1507 3014; x_wconf 87' lang='lat' dir='ltr'>quas</span> <span class='ocrx_word' id='word_1_168' title='bbox 1530 2918 1573 2992; x_wconf 91' lang='lat' dir='ltr'>ab</span> <span class='ocrx_word' id='word_1_169' title='bbox 1608 2919 1770 3010; x_wconf 83' lang='lat' dir='ltr'>Hispanis</span> <span class='ocrx_word' id='word_1_170' title='bbox 1806 2936 1955 3008; x_wconf 85' lang='lat' dir='ltr'>accepe-</span> 
     </span>
     <span class='ocr_line' id='line_1_20' title="bbox 606 3039 1952 3138; baseline -0.001 -26"><span class='ocrx_word' id='word_1_171' title='bbox 606 3057 685 3128; x_wconf 86' lang='lat' dir='ltr'>rat,</span> <span class='ocrx_word' id='word_1_172' title='bbox 709 3039 867 3116; x_wconf 86' lang='lat' dir='ltr'>Genuam</span> <span class='ocrx_word' id='word_1_173' title='bbox 890 3040 1062 3128; x_wconf 85' lang='lat' dir='ltr'>accessit,</span> <span class='ocrx_word' id='word_1_174' title='bbox 1086 3043 1179 3138; x_wconf 90' lang='lat' dir='ltr'>quod</span> <span class='ocrx_word' id='word_1_175' title='bbox 1200 3040 1382 3134; x_wconf 73' lang='lat' dir='ltr'>Fregosius</span> <span class='ocrx_word' id='word_1_176' title='bbox 1398 3040 1498 3128; x_wconf 83' lang='lat' dir='ltr'>Dux,</span> <span class='ocrx_word' id='word_1_177' title='bbox 1521 3063 1559 3114; x_wconf 93' lang='lat' dir='ltr'>re</span> <span class='ocrx_word' id='word_1_178' title='bbox 1581 3060 1782 3131; x_wconf 79' lang='lat' dir='ltr'>comperta,</span> <span class='ocrx_word' id='word_1_179' title='bbox 1805 3057 1952 3130; x_wconf 61' lang='lat' dir='ltr'>parate*</span> 
     </span>
    </p>
   </div>
   <div class='ocr_carea' id='block_1_2' title="bbox 607 3156 2082 3269">
    <p class='ocr_par' dir='ltr' id='par_1_3' title="bbox 607 3156 2082 3269">
     <span class='ocr_line' id='line_1_21' title="bbox 607 3156 2082 3269; baseline -0.003 -35"><span class='ocrx_word' id='word_1_180' title='bbox 607 3178 667 3234; x_wconf 86' lang='lat' dir='ltr'>rat</span> <span class='ocrx_word' id='word_1_181' title='bbox 680 3183 755 3269; x_wconf 81' lang='lat' dir='ltr'>ea,</span> <span class='ocrx_word' id='word_1_182' title='bbox 797 3184 886 3258; x_wconf 86' lang='lat' dir='ltr'>qnae</span> <span class='ocrx_word' id='word_1_183' title='bbox 921 3163 966 3236; x_wconf 83' lang='lat' dir='ltr'>ad</span> <span class='ocrx_word' id='word_1_184' title='bbox 996 3161 1227 3240; x_wconf 77' lang='lat' dir='ltr'>defensionem</span> <span class='ocrx_word' id='word_1_185' title='bbox 1251 3181 1335 3238; x_wconf 87' lang='lat' dir='ltr'>sunt</span> <span class='ocrx_word' id='word_1_186' title='bbox 1363 3161 1565 3238; x_wconf 84' lang='lat' dir='ltr'>necessaria.</span> <span class='ocrx_word' id='word_1_187' title='bbox 1588 3165 1660 3236; x_wconf 80' lang='lat' dir='ltr'>Nee</span> <span class='ocrx_word' id='word_1_188' title='bbox 1685 3157 1829 3234; x_wconf 79' lang='lat' dir='ltr'>feliciori</span> <span class='ocrx_word' id='word_1_189' title='bbox 1853 3156 1954 3230; x_wconf 80' lang='lat' dir='ltr'>exitu</span> <span class='ocrx_word' id='word_1_190' title='bbox 2076 3157 2082 3168; x_wconf 79' lang='grc'><strong>”</strong></span> 
     </span>
    </p>
   </div>
   <div class='ocr_carea' id='block_1_3' title="bbox 528 3275 1962 4720">
    <p class='ocr_par' dir='ltr' id='par_1_4' title="bbox 528 3275 1962 4720">
     <span class='ocr_line' id='line_1_22' title="bbox 607 3275 1952 3380; baseline -0.004 -24"><span class='ocrx_word' id='word_1_191' title='bbox 607 3279 809 3357; x_wconf 80' lang='lat' dir='ltr'>tnattdatutn</span> <span class='ocrx_word' id='word_1_192' title='bbox 843 3305 944 3358; x_wconf 87' lang='lat' dir='ltr'>suunt</span> <span class='ocrx_word' id='word_1_193' title='bbox 979 3283 1050 3378; x_wconf 76' lang='lat' dir='ltr'>egit</span> <span class='ocrx_word' id='word_1_194' title='bbox 1087 3283 1293 3374; x_wconf 86' lang='lat' dir='ltr'>Moroniut,</span> <span class='ocrx_word' id='word_1_195' title='bbox 1323 3285 1420 3380; x_wconf 89' lang='lat' dir='ltr'>qnod</span> <span class='ocrx_word' id='word_1_196' title='bbox 1456 3285 1649 3380; x_wconf 80' lang='lat' dir='ltr'>priusquam</span> <span class='ocrx_word' id='word_1_197' title='bbox 1673 3282 1782 3375; x_wconf 76' lang='lat' dir='ltr'>Regio</span> <span class='ocrx_word' id='word_1_198' title='bbox 1805 3275 1952 3372; x_wconf 82' lang='lat' dir='ltr'>Lepidi,</span> 
     </span>
     <span class='ocr_line' id='line_1_23' title="bbox 604 3385 1951 3502; baseline -0.007 -22"><span class='ocrx_word' id='word_1_199' title='bbox 604 3399 647 3480; x_wconf 85' lang='lat' dir='ltr'>itt</span> <span class='ocrx_word' id='word_1_200' title='bbox 667 3413 769 3502; x_wconf 78' lang='lat' dir='ltr'>quarn</span> <span class='ocrx_word' id='word_1_201' title='bbox 788 3398 906 3477; x_wconf 82' lang='lat' dir='ltr'>urbem</span> <span class='ocrx_word' id='word_1_202' title='bbox 924 3425 1001 3478; x_wconf 88' lang='lat' dir='ltr'>cunr</span> <span class='ocrx_word' id='word_1_203' title='bbox 1016 3403 1087 3476; x_wconf 87' lang='lat' dir='ltr'>suis</span> <span class='ocrx_word' id='word_1_204' title='bbox 1103 3385 1269 3492; x_wconf 73' lang='lat' dir='ltr'>uenerat,</span> <span class='ocrx_word' id='word_1_205' title='bbox 1293 3405 1536 3498; x_wconf 78' lang='lat' dir='ltr'>egrederetur,</span> <span class='ocrx_word' id='word_1_206' title='bbox 1554 3403 1672 3478; x_wconf 86' lang='lat' dir='ltr'>omnia</span> <span class='ocrx_word' id='word_1_207' title='bbox 1695 3401 1787 3476; x_wconf 87' lang='lat' dir='ltr'>illius</span> <span class='ocrx_word' id='word_1_208' title='bbox 1809 3396 1951 3476; x_wconf 83' lang='lat' dir='ltr'>consilia</span> 
     </span>
     <span class='ocr_line' id='line_1_24' title="bbox 608 3517 1954 3618; baseline -0.003 -20"><span class='ocrx_word' id='word_1_209' title='bbox 608 3543 760 3602; x_wconf 80' lang='lat' dir='ltr'>noverat</span> <span class='ocrx_word' id='word_1_210' title='bbox 773 3525 956 3600; x_wconf 85' lang='lat' dir='ltr'>Mediolani</span> <span class='ocrx_word' id='word_1_211' title='bbox 976 3525 1192 3608; x_wconf 70' lang='lat' dir='ltr'>Praefertur.</span> <span class='ocrx_word' id='word_1_212' title='bbox 1216 3531 1250 3600; x_wconf 82' lang='lat' dir='ltr'>sr</span> <span class='ocrx_word' id='word_1_213' title='bbox 1266 3525 1311 3600; x_wconf 91' lang='lat' dir='ltr'>ad</span> <span class='ocrx_word' id='word_1_214' title='bbox 1337 3551 1378 3602; x_wconf 89' lang='lat' dir='ltr'>ea</span> <span class='ocrx_word' id='word_1_215' title='bbox 1403 3525 1618 3618; x_wconf 85' lang='lat' dir='ltr'>impedienda</span> <span class='ocrx_word' id='word_1_216' title='bbox 1637 3547 1719 3598; x_wconf 85' lang='lat' dir='ltr'>suas</span> <span class='ocrx_word' id='word_1_217' title='bbox 1737 3523 1858 3615; x_wconf 88' lang='lat' dir='ltr'>copias</span> <span class='ocrx_word' id='word_1_218' title='bbox 1876 3517 1954 3594; x_wconf 88' lang='lat' dir='ltr'>sua·</span> 
     </span>
     <span class='ocr_line' id='line_1_25' title="bbox 615 3640 1952 3742; baseline -0.001 -24"><span class='ocrx_word' id='word_1_219' title='bbox 615 3665 686 3740; x_wconf 90' lang='lat' dir='ltr'>qne</span> <span class='ocrx_word' id='word_1_220' title='bbox 699 3645 868 3736; x_wconf 86' lang='lat' dir='ltr'>praesidia</span> <span class='ocrx_word' id='word_1_221' title='bbox 891 3647 1118 3722; x_wconf 79' lang='lat' dir='ltr'>instruxerat.</span> <span class='ocrx_word' id='word_1_222' title='bbox 1139 3649 1256 3742; x_wconf 84' lang='lat' dir='ltr'>Neque</span> <span class='ocrx_word' id='word_1_223' title='bbox 1277 3648 1344 3722; x_wconf 89' lang='lat' dir='ltr'>hoc</span> <span class='ocrx_word' id='word_1_224' title='bbox 1357 3666 1543 3722; x_wconf 89' lang='lat' dir='ltr'>contentus</span> <span class='ocrx_word' id='word_1_225' title='bbox 1567 3671 1645 3722; x_wconf 89' lang='lat' dir='ltr'>eum</span> <span class='ocrx_word' id='word_1_226' title='bbox 1668 3668 1792 3740; x_wconf 78' lang='lat' dir='ltr'>magna</span> <span class='ocrx_word' id='word_1_227' title='bbox 1808 3640 1952 3718; x_wconf 80' lang='lat' dir='ltr'>rnilitum</span> 
     </span>
     <span class='ocr_line' id='line_1_26' title="bbox 610 3767 1953 3862; baseline -0.004 -20"><span class='ocrx_word' id='word_1_228' title='bbox 610 3787 717 3842; x_wconf 84' lang='lat' dir='ltr'>manu</span> <span class='ocrx_word' id='word_1_229' title='bbox 738 3768 880 3861; x_wconf 78' lang='lat' dir='ltr'>Regium</span> <span class='ocrx_word' id='word_1_230' title='bbox 893 3767 1012 3859; x_wconf 77' lang='lat' dir='ltr'>lepidi</span> <span class='ocrx_word' id='word_1_231' title='bbox 1038 3767 1154 3854; x_wconf 85' lang='lat' dir='ltr'>venit,</span> <span class='ocrx_word' id='word_1_232' title='bbox 1175 3789 1332 3860; x_wconf 84' lang='lat' dir='ltr'>sperans,</span> <span class='ocrx_word' id='word_1_233' title='bbox 1351 3769 1410 3862; x_wconf 90' lang='lat' dir='ltr'>qui</span> <span class='ocrx_word' id='word_1_234' title='bbox 1431 3769 1524 3842; x_wconf 85' lang='lat' dir='ltr'>intus</span> <span class='ocrx_word' id='word_1_235' title='bbox 1547 3781 1661 3854; x_wconf 86' lang='lat' dir='ltr'>ernnt&#39;,</span> <span class='ocrx_word' id='word_1_236' title='bbox 1686 3785 1747 3841; x_wconf 84' lang='lat' dir='ltr'>aut</span> <span class='ocrx_word' id='word_1_237' title='bbox 1766 3769 1878 3854; x_wconf 82' lang='lat' dir='ltr'>vires,</span> <span class='ocrx_word' id='word_1_238' title='bbox 1894 3779 1953 3837; x_wconf 83' lang='lat' dir='ltr'>aut</span> 
     </span>
     <span class='ocr_line' id='line_1_27' title="bbox 612 3869 1947 3994; baseline -0.001 -34"><span class='ocrx_word' id='word_1_239' title='bbox 612 3887 762 3960; x_wconf 87' lang='lat' dir='ltr'>animum</span> <span class='ocrx_word' id='word_1_240' title='bbox 785 3889 920 3964; x_wconf 87' lang='lat' dir='ltr'>minime</span> <span class='ocrx_word' id='word_1_241' title='bbox 943 3890 1134 3994; x_wconf 83' lang='lat' dir='ltr'>babituros.</span> <span class='ocrx_word' id='word_1_242' title='bbox 1159 3888 1204 3962; x_wconf 90' lang='lat' dir='ltr'>ad</span> <span class='ocrx_word' id='word_1_243' title='bbox 1233 3889 1471 3983; x_wconf 87' lang='lat' dir='ltr'>sustinendum</span> <span class='ocrx_word' id='word_1_244' title='bbox 1508 3869 1728 3982; x_wconf 84' lang='lat' dir='ltr'>inprovisum</span> <span class='ocrx_word' id='word_1_245' title='bbox 1758 3873 1947 3979; x_wconf 84' lang='lat' dir='ltr'>impetum.</span> 
     </span>
     <span class='ocr_line' id='line_1_28' title="bbox 528 4007 1956 4105; baseline 0 -25"><span class='ocrx_word' id='word_1_246' title='bbox 528 4039 531 4046; x_wconf 96' lang='lat'>·</span> <span class='ocrx_word' id='word_1_247' title='bbox 609 4007 677 4080; x_wconf 79' lang='lat' dir='ltr'>sad</span> <span class='ocrx_word' id='word_1_248' title='bbox 699 4027 834 4082; x_wconf 89' lang='lat' dir='ltr'>tantum</span> <span class='ocrx_word' id='word_1_249' title='bbox 861 4011 929 4083; x_wconf 87' lang='lat' dir='ltr'>fuit·</span> <span class='ocrx_word' id='word_1_250' title='bbox 949 4011 1198 4085; x_wconf 85' lang='lat' dir='ltr'>Guicciardinii</span> <span class='ocrx_word' id='word_1_251' title='bbox 1217 4013 1400 4105; x_wconf 84' lang='lat' dir='ltr'>studium,</span> <span class='ocrx_word' id='word_1_252' title='bbox 1426 4030 1524 4085; x_wconf 92' lang='lat' dir='ltr'>tanta</span> <span class='ocrx_word' id='word_1_253' title='bbox 1547 4011 1736 4105; x_wconf 86' lang='lat' dir='ltr'>prudentia·</span> <span class='ocrx_word' id='word_1_254' title='bbox 1757 4009 1794 4082; x_wconf 85' lang='lat' dir='ltr'>itt</span> <span class='ocrx_word' id='word_1_255' title='bbox 1818 4029 1956 4098; x_wconf 87' lang='lat' dir='ltr'>compa·</span> 
     </span>
     <span class='ocr_line' id='line_1_29' title="bbox 612 4125 1954 4226; baseline 0 -26"><span class='ocrx_word' id='word_1_256' title='bbox 612 4130 729 4204; x_wconf 86' lang='lat' dir='ltr'>randis</span> <span class='ocrx_word' id='word_1_257' title='bbox 754 4131 875 4213; x_wconf 81' lang='lat' dir='ltr'>rebus,</span> <span class='ocrx_word' id='word_1_258' title='bbox 897 4155 986 4226; x_wconf 89' lang='lat' dir='ltr'>quae</span> <span class='ocrx_word' id='word_1_259' title='bbox 1010 4133 1055 4206; x_wconf 91' lang='lat' dir='ltr'>ad</span> <span class='ocrx_word' id='word_1_260' title='bbox 1079 4132 1311 4226; x_wconf 86' lang='lat' dir='ltr'>prohibendos</span> <span class='ocrx_word' id='word_1_261' title='bbox 1344 4133 1464 4208; x_wconf 86' lang='lat' dir='ltr'>Gallos</span> <span class='ocrx_word' id='word_1_262' title='bbox 1497 4133 1687 4208; x_wconf 91' lang='lat' dir='ltr'>conducere</span> <span class='ocrx_word' id='word_1_263' title='bbox 1720 4153 1823 4225; x_wconf 80' lang='lat' dir='ltr'>posse</span> <span class='ocrx_word' id='word_1_264' title='bbox 1854 4125 1954 4202; x_wconf 83' lang='lat' dir='ltr'>ride·</span> 
     </span>
     <span class='ocr_line' id='line_1_30' title="bbox 615 4243 1962 4350; baseline -0.006 -18"><span class='ocrx_word' id='word_1_265' title='bbox 615 4257 763 4342; x_wconf 79' lang='lat' dir='ltr'>bantur,</span> <span class='ocrx_word' id='word_1_266' title='bbox 789 4272 828 4326; x_wconf 92' lang='lat' dir='ltr'>ut</span> <span class='ocrx_word' id='word_1_267' title='bbox 852 4254 925 4326; x_wconf 89' lang='lat' dir='ltr'>sine</span> <span class='ocrx_word' id='word_1_268' title='bbox 954 4275 1087 4346; x_wconf 81' lang='lat' dir='ltr'>pugna,</span> <span class='ocrx_word' id='word_1_269' title='bbox 1112 4257 1146 4328; x_wconf 79' lang='lat' dir='ltr'>nr</span> <span class='ocrx_word' id='word_1_270' title='bbox 1171 4255 1246 4330; x_wconf 88' lang='lat' dir='ltr'>sine</span> <span class='ocrx_word' id='word_1_271' title='bbox 1270 4255 1413 4331; x_wconf 87' lang='lat' dir='ltr'>vulnere</span> <span class='ocrx_word' id='word_1_272' title='bbox 1435 4281 1573 4331; x_wconf 85' lang='lat' dir='ltr'>snorum</span> <span class='ocrx_word' id='word_1_273' title='bbox 1599 4255 1746 4350; x_wconf 79' lang='lat' dir='ltr'>coegerit</span> <span class='ocrx_word' id='word_1_274' title='bbox 1778 4243 1839 4326; x_wconf 83' lang='lat' dir='ltr'>eos</span> <span class='ocrx_word' id='word_1_275' title='bbox 1869 4253 1962 4324; x_wconf 84' lang='lat' dir='ltr'>Par··</span> 
     </span>
     <span class='ocr_line' id='line_1_31' title="bbox 612 4371 1954 4468; baseline -0.005 -18"><span class='ocrx_word' id='word_1_276' title='bbox 612 4395 768 4450; x_wconf 69' lang='lat' dir='ltr'>marnae</span> <span class='ocrx_word' id='word_1_277' title='bbox 790 4395 833 4447; x_wconf 87' lang='lat' dir='ltr'>se.</span> <span class='ocrx_word' id='word_1_278' title='bbox 853 4372 1004 4446; x_wconf 82' lang='lat' dir='ltr'>referre.</span> <span class='ocrx_word' id='word_1_279' title='bbox 1028 4376 1118 4468; x_wconf 84' lang='lat' dir='ltr'>Quia</span> <span class='ocrx_word' id='word_1_280' title='bbox 1141 4374 1266 4450; x_wconf 89' lang='lat' dir='ltr'>bellurn</span> <span class='ocrx_word' id='word_1_281' title='bbox 1299 4395 1373 4450; x_wconf 87' lang='lat' dir='ltr'>turn</span> <span class='ocrx_word' id='word_1_282' title='bbox 1397 4377 1539 4450; x_wconf 82' lang='lat' dir='ltr'>minime</span> <span class='ocrx_word' id='word_1_283' title='bbox 1555 4375 1714 4449; x_wconf 75' lang='lat' dir='ltr'>indidum</span> <span class='ocrx_word' id='word_1_284' title='bbox 1738 4395 1839 4464; x_wconf 80' lang='lat' dir='ltr'>erar,</span> <span class='ocrx_word' id='word_1_285' title='bbox 1860 4371 1954 4444; x_wconf 84' lang='lat' dir='ltr'>Galli</span> 
     </span>
     <span class='ocr_line' id='line_1_32' title="bbox 613 4490 1955 4590; baseline -0.002 -24"><span class='ocrx_word' id='word_1_286' title='bbox 613 4493 729 4588; x_wconf 86' lang='lat' dir='ltr'>questi</span> <span class='ocrx_word' id='word_1_287' title='bbox 752 4511 855 4580; x_wconf 91' lang='lat' dir='ltr'>sunt,</span> <span class='ocrx_word' id='word_1_288' title='bbox 879 4495 973 4590; x_wconf 90' lang='lat' dir='ltr'>quod</span> <span class='ocrx_word' id='word_1_289' title='bbox 994 4513 1117 4583; x_wconf 84' lang='lat' dir='ltr'>contra</span> <span class='ocrx_word' id='word_1_290' title='bbox 1140 4495 1240 4568; x_wconf 84' lang='lat' dir='ltr'>fid&#39;enr</span> <span class='ocrx_word' id='word_1_291' title='bbox 1264 4497 1379 4571; x_wconf 86' lang='lat' dir='ltr'>datam</span> <span class='ocrx_word' id='word_1_292' title='bbox 1401 4501 1562 4572; x_wconf 74' lang='lat' dir='ltr'>Pontiler</span> <span class='ocrx_word' id='word_1_293' title='bbox 1581 4499 1652 4572; x_wconf 82' lang='lat' dir='ltr'>suls</span> <span class='ocrx_word' id='word_1_294' title='bbox 1688 4493 1831 4569; x_wconf 86' lang='lat' dir='ltr'>urbibus</span> <span class='ocrx_word' id='word_1_295' title='bbox 1864 4490 1955 4564; x_wconf 82' lang='lat' dir='ltr'>reci·</span> 
     </span>
     <span class='ocr_line' id='line_1_33' title="bbox 613 4609 1948 4720; baseline -0.005 -29"><span class='ocrx_word' id='word_1_296' title='bbox 613 4629 709 4703; x_wconf 67' lang='lat' dir='ltr'>petet</span> <span class='ocrx_word' id='word_1_297' title='bbox 732 4611 849 4720; x_wconf 72' lang='lat' dir='ltr'>exules</span> <span class='ocrx_word' id='word_1_298' title='bbox 875 4614 1150 4692; x_wconf 86' lang='lat' dir='ltr'>Mediolanenses</span> <span class='ocrx_word' id='word_1_299' title='bbox 1175 4637 1277 4693; x_wconf 85' lang='lat' dir='ltr'>atoue</span> <span class='ocrx_word' id='word_1_300' title='bbox 1313 4636 1495 4706; x_wconf 85' lang='lat' dir='ltr'>tueretur,</span> <span class='ocrx_word' id='word_1_301' title='bbox 1529 4616 1587 4691; x_wconf 91' lang='lat' dir='ltr'>hic</span> <span class='ocrx_word' id='word_1_302' title='bbox 1627 4636 1758 4708; x_wconf 89' lang='lat' dir='ltr'>aurem,</span> <span class='ocrx_word' id='word_1_303' title='bbox 1794 4611 1889 4708; x_wconf 89' lang='lat' dir='ltr'>quod</span> <span class='ocrx_word' id='word_1_304' title='bbox 1922 4609 1948 4682; x_wconf 91' lang='lat' dir='ltr'>ii</span> 
     </span>
    </p>
   </div>
   <div class='ocr_carea' id='block_1_4' title="bbox 0 0 2206 5828">
    <p class='ocr_par' dir='ltr' id='par_1_5' title="bbox 0 0 2206 5828">
     <span class='ocr_line' id='line_1_34' title="bbox 0 0 2206 5828; baseline 0 0"><span class='ocrx_word' id='word_1_305' title='bbox 0 0 2206 5828; x_wconf 95' lang='lat' dir='ltr'> </span> 
     </span>
    </p>
   </div>
  </div>
 </body>
</html>
