4386 5838
675 689 706 754 V
803 681 850 760 1'
917 695 949 762 T
1045 697 1076 763 Α
1469 664 1559 782 157¹
1609 783 1617 798 ‚

328 808 463 902 Interim
479 807 666 894 Columna,
686 831 862 904 postquam
878 813 1044 902 praesidia
1055 811 1168 884 multis
1189 814 1224 883 in
1243 811 1380 886 urbibus
1400 833 1490 886 metu
1505 819 1582 886 Fer·
1617 795 1622 810 ⁵

258 928 367 1002 tariae
381 933 743 1018 Duciscollocasset,¹
764 935 799 1002 ὃ(
824 933 866 1002 ad
889 933 1010 1003 multos
1028 935 1100 1006 dies
1116 929 1325 1025 expoliasset
1348 930 1586 1006 Germanos&
1616 928 1620 938 ’

259 1053 528 1145 Neapolitanos,
553 1078 638 1148 quos
660 1033 818 1125 donabat
844 1057 1002 1124 Pescarae
1029 1053 1212 1136 Marchio‚
1234 1055 1417 1126 exercitum
1437 1059 1587 1128 Parmam

259 1194 381 1246 versus
407 1173 565 1266 collegit.
590 1178 732 1266 Magnae
772 1176 860 1245 inter
893 1175 958 1244 hos
982 1173 1086 1244 duces
1125 1177 1378 1246 controversiae
1416 1175 1590 1264 fuerunt,
1656 1215 1659 1224 ·

258 1291 349 1364 unde
372 1293 450 1365 belli
475 1295 605 1370 initium
627 1295 814 1372 ducendum
839 1314 953 1366 esset.
979 1292 1082 1364 neela
1105 1283 1337 1367 Mediolanum
1372 1296 1590 1368 contenden-

259 1408 341 1482 dum
363 1435 438 1484 esse
462 1414 626 1488 suadebat
651 1414 840 1500 Columna,
864 1433 985 1484 contra
1003 1414 1178 1486 Pescarins
1202 1413 1380 1485 tentandas
1398 1413 1490 1504 prius
1511 1417 1591 1484 Par·

260 1554 348 1604 mant
374 1536 406 1602 δι
434 1533 638 1608 Placentiam
664 1539 829 1627 putabat,
852 1559 895 1606 ne
920 1553 1128 1604 commeatus
1166 1532 1445 1624 interciperetur,
1482 1554 1591 1626 utque

261 1677 282 1724 a
306 1673 400 1746 tergo
425 1653 612 1746 periculum
637 1681 737 1728 omne
762 1673 1015 1727 removeretur.
1039 1657 1179 1724 Frustra
1195 1655 1321 1742 ¹diebus
1347 1649 1478 1746 aliquot
1491 1678 1592 1752 ¹con·-

260 1774 423 1862 sumptis,
447 1776 583 1847 tandem
606 1777 797 1869 oppugnari
823 1775 934 1864 coepit
957 1776 1097 1855 Parma,
1115 1797 1216 1864 quam
1241 1776 1275 1842 in
1300 1774 1414 1844 urbem
1439 1759 1503 1866 jam
1521 1777 1592 1845 Me·

260 1890 398 1964 diolano
423 1916 564 1968 venerat
598 1901 760 1970 Lescutus
794 1895 963 1966 Lotrechii
988 1891 1142 1982 Protegit
1178 1891 1302 1976 frater,
1329 1898 1361 1964 or
1401 1894 1591 1967 Fridericus

196 2057 199 2062 -
261 2001 423 2089 Boizolus
448 2041 523 2090 cum
548 2018 632 2090 satis
672 2018 785 2090 valido
831 2015 969 2086 militum
1006 2013 1199 2105 praesidio.
1225 2017 1375 2084 Deerant
1409 2015 1515 2088 multa
1552 2015 1594 2086 acl

150 2115 155 2124 ¹
262 2141 549 2230 oppugnationem
574 2137 790 2220 necessaria,
817 2159 904 2227 quae
927 2135 1008 2204 dum
1032 2133 1186 2204 Bononia
1208 2131 1299 2204 lente
1325 2137 1596 2208 transveheban-

262 2271 346 2343 tnr‚
371 2258 453 2328 abiit
478 2279 610 2349 tempus
636 2256 748 2344 illud,
776 2256 870 2349 quod
907 2257 953 2327 rei
980 2253 1144 2345 gerendae
1169 2257 1490 2344 opportunissimum
1511 2255 1595 2326 fuis·

262 2395 336 2445 set.
363 2381 450 2447 Nam
476 2381 637 2448 Lescutus
662 2399 754 2446 nova
780 2393 984 2447 armatorum
1007 2378 1174 2465 praesidia
1200 2377 1235 2446 in
1271 2376 1352 2446 urbe
1388 2375 1594 2462 collocavit,

263 2521 351 2589 quae
375 2498 416 2568 ab
440 2497 630 2582 Helvetiis,
656 2521 675 2566 a
700 2495 840 2564 Venetis
867 2499 899 2565 δι
926 2521 945 2566 a
970 2495 1085 2566 Gallia
1110 2515 1309 2587 acceperat.
1334 2499 1383 2565 Eo
1409 2495 1510 2566 etiam
1536 2518 1598 2565 ac-

261 2618 367 2688 cessit
393 2617 516 2690 Protex
547 2617 644 2707 ipse,
670 2614 726 2688 vel
751 2636 789 2687 ut
815 2615 940 2706 praelio
965 2613 1146 2686 lacesseret
1171 2617 1314 2702 hostes,
1339 2603 1394 2688 uel
1421 2633 1481 2702 ut,
1516 2613 1600 2706 qui-
1633 2655 1636 2662 ν

262 2759 400 2830 cunque
429 2719 534 2808 casus
553 2736 758 2812 accidisset,
782 2734 880 2804 fratri
904 2757 1098 2804 succurrere
1125 2731 1260 2824 posset.
1286 2739 1411 2806 Primus
1431 2738 1463 2806 in
1480 2738 1596 2807 urbem

262 2838 566 2954 impetusluipab
601 2879 641 2925 ea
665 2871 781 2942 parte,
816 2843 917 2946 quam
949 2855 1067 2926 Parma
1096 2851 1232 2931 llumine
1257 2855 1460 2948 minuciam,
1486 2861 1520 2927 δι
1555 2855 1599 2924 ad

260 2999 422 3048 occasum
447 2965 642 3066 vergentem
677 2972 808 3042 incolae
843 2989 945 3067 caput
964 2977 1080 3068 pontis
1098 2995 1247 3047 vocant.
1273 2975 1367 3046 lllum
1387 2975 1597 3056 minimesu·

259 3097 455 3168 stinuerunt
479 3092 590 3181 Galli,
609 3091 811 3190 dejellisque
835 3095 1018 3183 pontibus,
1043 3093 1132 3165 ultra
1158 3119 1290 3166 amnem
1314 3119 1391 3165 cum
1413 3094 1596 3188 majoribus

260 3214 437 3285 tormentis
463 3237 561 3286 sese
586 3230 810 3302 receperunt.
834 3215 949 3304 Quare
973 3215 1136 3285 Pontificii
1162 3216 1414 3286 &Caesariani
1439 3236 1496 3303 per
1521 3237 1599 3282 mu-

260 3355 379 3402 rorum
403 3335 516 3404 ruinas
541 3333 711 3426 ingressi,
733 3357 775 3404 ea
800 3333 946 3404 civitatis
973 3355 1066 3423 parte
1093 3332 1194 3402 facile
1220 3333 1319 3424 potiti
1344 3350 1442 3402 sunt.
1475 3331 1618 3402 Tantis‘

261 3446 412 3523 laetitiae
436 3455 541 3546 signis
565 3456 589 3524 ii
615 3455 657 3525 ab
693 3453 811 3526 incolis
839 3453 973 3544 excepti
1013 3451 1171 3537 fuerunt,
1210 3473 1248 3522 ut
1288 3477 1353 3524 nec
1392 3453 1597 3558 inimiciores

261 3570 387 3658 Gallis,
413 3597 475 3646 nec
500 3575 674 3646 amiciores
701 3573 858 3644 Pontifici
883 3573 970 3645 ullos
997 3573 1316 3664 unquam'popnlos
1351 3573 1454 3645 luisse
1485 3573 1595 3644 dixis·

262 3711 343 3792 ses.
369 3695 437 3779 Ea,
463 3718 552 3785 quae
577 3713 763 3766 consecuta
787 3713 862 3779 est,
897 3689 997 3765 notle
1032 3695 1178 3765 nuncius
1203 3686 1324 3794 allatus
1349 3714 1401 3764 est
1428 3718 1503 3765 cum
1527 3717 1599 3765 ma·

264 3831 331 3898 gna
355 3813 507 3900 peditum
534 3819 567 3886 δι
590 3816 744 3908 equitum
769 3839 870 3888 manu
895 3813 1068 3885 Ferrariae
1094 3814 1223 3882 Ducem
1249 3815 1311 3884 iter
1334 3813 1486 3916 Parmam
1510 3839 1599 3918 ver-

233 3951 321 4000 ·sus
347 3931 619 4022 suscepisseg&
644 3959 686 4004 ex
723 3935 908 4024 improviso
932 3933 1076 4020 Finalis,
1100 3927 1277 4026 Samiique
1317 3933 1439 4008 Felicis
1474 3933 1614 4023 oppida'
1694 4022 1697 4029 Ι

267 4053 426 4124 adortum
451 4077 545 4127 suam
571 4053 638 4148 jam
667 4055 700 4124 in
727 4073 928 4143 potestatem
953 4053 1142 4145 redegisse,
1167 4076 1254 4144 quae
1281 4075 1333 4122 res
1367 4052 1523 4143 magnum
1549 4047 1614 4121 ri‘-'

263 4192 391 4242 morem
418 4172 533 4243 attulit
558 4171 727 4243 Pontificii
752 4173 924 4244 exercitus
939 4173 1111 4244 ducibus.
1136 4169 1290 4270 Augebat
1315 4172 1405 4266 hunc
1426 4150 1610 4245 L0trechil'

265 4272 420 4390 vicinitas
445 4286 593 4372 (castra
617 4293 707 4378 enim
734 4293 777 4362 ad
791 4295 917 4364 Tarum
946 4287 1099 4378 flumen,
1126 4291 1217 4382 quod
1240 4274 1369 4388 septem
1394 4285 1496 4368 millia
1520 4267 1596 4378 pas·
1629 4304 1633 4310 '

113 4491 120 4498 .
162 4448 163 4451 =
264 4427 363 4514 suum
389 4408 430 4481 ab
456 4409 538 4480 urbe
562 4411 692 4497 distatJ
723 4413 912 4501 posuerat)
937 4413 970 4480 δι
1008 4409 1088 4499 quia
1122 4409 1295 4512 commpni
1328 4392 1365 4518 lit
1405 4397 1494 4478 viiio
1531 4411 1596 4481 nlt-
1691 4434 1694 4440 ·

256 4538 384 4614 turae,
408 4546 445 4603 ut
473 4519 623 4624 invisis,
648 4519 863 4607 latitantibus
889 4549 989 4624 atque
1015 4529 1198 4625 incognitis
1225 4508 1339 4605 rebus
1356 4509 1609 4604 'tenementis'
