4386 5838
739 643 771 709 v
867 650 880 715 1
978 647 1010 716 Τ
1107 651 1136 720 Α
1518 667 1580 735 143
1656 667 1659 680 ·

295 764 449 855 summm
473 749 678 854 confidebat.¹
706 764 808 838 Dedit
842 771 942 838 etiam
978 768 1107 842 litteras
1138 771 1179 841 ad
1205 771 1463 847 Trevireusem,
1489 765 1630 838 Senoni-

304 909 402 968 cum,
440 883 594 974 aliosque
629 883 818 970 Eleclores,
857 909 895 956 ut
934 890 968 958 in
1003 893 1176 978 proposito
1212 891 1425 960 confirmaret
1465 889 1629 960 retinendi

212 1025 223 1034 ·
299 1004 443 1084 ,Sanciae
463 1005 563 1076 Fidei
586 1005 760 1078 candorem
784 1025 899 1078 contra
928 1011 1062 1102 impium
1081 1011 1228 1102 furorem
1254 1011 1488 1084 debacchantis
1513 1012 1631 1080 baere-

304 1147 396 1212 seos,
421 1128 510 1220 quod
532 1127 666 1220 dignum
692 1150 748 1212 e0,
774 1150 867 1221 quem
888 1130 1069 1224 gerebant,
1097 1131 1242 1215 bonore,
1267 1135 1402 1229 dignum
1437 1153 1559 1226 genere
1600 1123 1630 1198 6·

306 1246 660 1341 majoribusillorum.
685 1247 717 1319 ἐν
743 1251 969 1344 dignissimum
996 1248 1254 1346 religiosissimo·
1270 1255 1409 1324 Caesare
1425 1274 1500 1322 esse
1524 1251 1634 1322 dixit.
1743 1323 1746 1332 ,

307 1370 489 1462 Quauqam
523 1369 689 1440 Saxoniae
715 1374 793 1439 Dux
822 1371 912 1442 aliud
939 1372 1082 1442 obscure
1108 1373 1305 1459 moliretur,
1332 1371 1423 1441 aliud
1449 1371 1560 1461 specie
1584 1369 1632 1439 si·

303 1487 500 1564 mttlationis
525 1509 733 1576 ostentaret,
769 1493 893 1562 nemini
933 1510 1045 1563 tamen
1087 1493 1222 1564 dubium
1256 1515 1330 1564 esse
1365 1509 1521 1580 poterat,
1555 1489 1636 1580 quin

306 1608 440 1682 salvum
466 1609 567 1681 vellet
591 1613 795 1697 lutherum,
821 1614 912 1704 quod
937 1637 1018 1683 sane
1044 1615 1192 1683 studium
1218 1632 1372 1701 turpasse
1407 1612 1545 1698 videtur,
1574 1633 1637 1680 or·

306 1748 494 1810 tramenta,
519 1731 641 1822 quibus
667 1735 882 1814 abundabat,
920 1757 982 1802 nec
1010 1735 1051 1803 ad
1091 1732 1174 1804 illud
1219 1733 1438 1802 deserendum
1474 1711 1637 1812 valuere.

307 1875 395 1943 quae
420 1851 593 1923 doliorum
618 1854 791 1923 hominum
816 1852 984 1944 collegia,
1019 1859 1052 1924 δι
1088 1855 1158 1942 ipsa
1193 1853 1392 1922 parisiensis
1432 1852 1637 1936 Academia,

309 1974 405 2064 estius
432 1972 556 2062 judicio
581 1991 671 2042 stare
692 1996 728 2042 se
754 1973 840 2045 velle
865 1973 1027 2062 principio
1052 1973 1221 2042 Lutherus
1259 1973 1330 2060 ipse
1368 1970 1601 2043 declaraverat
1626 2028 1637 2060 ,

308 2090 350 2160 de
374 2089 460 2163 illius
485 2087 655 2162 erroribus
681 2095 967 2182 pronunciarent,
1004 2115 1066 2162 nec
1102 2117 1193 2161 nova
1231 2114 1385 2166 errorum
1419 2110 1576 2161 monstra
1597 2093 1638 2176 ab

308 2209 426 2280 eodem
453 2212 488 2280 in
513 2211 655 2282 medium
682 2213 839 2302 prolata.
866 2237 943 2283 cum
960 2231 1029 2283 tam
1047 2232 1261 2300 praepostere
1287 2208 1394 2288 nihil,
1420 2233 1488 2282 tam
1514 2213 1640 2282 incon-

310 2327 399 2410 dite,
423 2349 492 2400 tam
517 2331 621 2402 stulte
647 2332 790 2423 cogitari
815 2332 947 2422 possit,
988 2330 1079 2423 quod
1120 2330 1190 2419 ipse
1228 2329 1385 2400 deliranti
1418 2330 1534 2400 similis
1570 2355 1640 2400 non
1724 2393 1728 2401 .

309 2449 515 2528 effutirerit.
539 2452 663 2522 Eodem
689 2471 839 2540 tempore
863 2471 982 2522 error-ta
1007 2471 1059 2522 est
1081 2451 1115 2520 in
1142 2449 1297 2522 Helvetia
1335 2450 1497 2554 pestifera
1534 2451 1641 2520 Zuin-

310 2568 370 2660 glii
389 2569 423 2640 in
443 2573 627 2642 Romanam
653 2571 836 2644 Ecclesiam
861 2573 1090 2661 conspiratio,
1120 2575 1178 2644 cui
1219 2597 1374 2646 caussam
1408 2596 1544 2666 quoque
1576 2571 1643 2642 de-

310 2691 402 2762 disse
422 2693 567 2763 ·videtut
607 2691 728 2762 infelix
765 2690 823 2761 illa
854 2716 1026 2765 sacrarum
1062 2695 1360 2785 lrtclulgentiarum‘
1386 2693 1643 2792 promulgatio,

311 2813 466 2902 quam&
491 2813 562 2900 ipse
593 2811 823 2900 appetiverat,
859 2831 897 2881 ut
932 2815 1021 2882 viam
1048 2815 1111 2886 sibi
1153 2815 1195 2884 ad
1233 2809 1432 2904 explendam
1470 2813 1644 2885 avaritiam

312 2930 482 3020 aperiret.
504 2935 536 3000 Is
560 2954 603 3000 ex
628 2930 796 3002 lutulento
822 2934 959 3003 Lutheri
998 2932 1094 3004 sonte
1130 2957 1193 3003 sua
1222 2934 1380 3024 dogmata
1409 2932 1548 3014 hausit,
1586 2949 1645 2999 to·

313 3050 425 3141 risque
448 3050 575 3121 viribus
596 3047 768 3120 defendit.
791 3051 935 3122 Obviam
971 3053 1060 3124 illius
1097 3054 1259 3125 audaciae
1297 3053 1345 3122 ire
1384 3051 1516 3121 studuit
1554 3051 1645 3129 lec,

265 3233 267 3238 .
312 3172 527 3246 vehementer
552 3169 670 3240 dolens
696 3171 844 3260 perditos
869 3173 1045 3254 homiues,
1066 3196 1152 3266 quos
1189 3196 1259 3242 non
1285 3172 1327 3243 ad
1364 3173 1547 3267 judicium,
1584 3171 1645 3242 sed

313 3293 356 3364 ad
379 3291 583 3381 supplicium
606 3295 769 3364 reservari
792 3293 990 3383 oportebat,
1007 3294 1159 3363 lautores
1180 3311 1337 3380 potentes
1357 3293 1530 3364 invenite.
1554 3293 1643 3360 Dum

312 3435 396 3486 veto
422 3413 562 3482 maxime
586 3411 780 3503 exquirebat
806 3436 846 3484 ea
872 3411 1033 3491 consilia,
1060 3437 1145 3506 quae
1171 3415 1213 3484 ad
1249 3431 1344 3484 tanta
1370 3411 1457 3484 mala
1493 3410 1644 3482 sananda

313 3530 414 3626 atque
439 3532 624 3603 avertenda
650 3533 891 3620 pertinebant«,
916 3538 948 3604 u
974 3557 1081 3604 rerum
1107 3535 1293 3604 divinarum
1311 3533 1487 3622 magistros
1512 3527 1659 3618 excita?

313 3654 373 3726 bat
397 3655 441 3724 ad
464 3651 675 3724 turbulentos
699 3675 830 3722 errores
845 3655 1089 3744 coarguendos
1106 3689 1124 3740 ,·
1142 3655 1335 3725 Britanniae
1371 3655 1443 3722 Rex
1468 3673 1526 3738 per
1545 3651 1647 3738 lega·

316 3789 387 3844 tum
411 3795 507 3844 suum
532 3770 656 3842 obtulit
679 3769 728 3840 illi
753 3769 871 3842 labrum
897 3797 916 3842 a
940 3798 976 3844 se
1000 3795 1197 3859 exaratum,
1222 3775 1350 3868 ipsique
1388 3785 1646 3858 nuncupatum,

314 3914 383 3982 quo
408 3915 540 3964 omnem
580 3892 621 3962 de
660 3893 884 3962 Sacramentis
922 3895 1137 3978 docuinam,
1173 3898 1205 3965 S.
1240 3895 1406 3964 Thomam
1443 3889 1648 3982 Aquinatem

313 4013 459 4084 maxime
483 4037 647 4106 sequens,
668 4015 700 4080 δι
724 4014 906 4084 Lutherum
931 4013 1138 4099 confutans,
1157 4014 1353 4103 complexus
1379 4029 1450 4080 est.
1475 4003 1651 4076 Gratissi-

313 4155 404 4204 mum
429 4134 586 4207 Pontifici
605 4157 725 4204 munus
762 4133 850 4216 fuit,
886 4133 978 4204 nulla
1003 4157 1072 4202 non
1112 4133 1211 4204 laude
1250 4131 1341 4220 pium
1368 4127 1458 4198 illius
1499 4127 1647 4198 animum

316 4251 522 4332 celebrarit)
546 4277 688 4346 cumque
714 4277 782 4325 tem
808 4257 850 4324 ad
869 4256 1028 4326 Senatum
1050 4252 1256 4352 detulisset,
1281 4249 1435 4320 secundis
1456 4245 1649 4317 admurmu-

318 4374 524 4458 rationibus,
550 4398 619 4444 non
647 4371 739 4444 illum
761 4371 894 4458 solum,
930 4375 992 4445 sed
1025 4379 1059 4444 δι
1097 4396 1213 4444 ornnes
1250 4370 1397 4464 ejusdem
1432 4386 1667 4438 successores.

318 4489 481 4584 glorioso.
494 4495 591 4568 fider
617 4495 816 4590 Defensoris
841 4493 940 4568 titulo
977 4491 1198 4566 honorandos
1236 4491 1366 4565 cetuult
1399 4487 1511 4580 (62).
1544 4489 1651 4564 Porto
1702 4514 1709 4531 “
