4392 5838
1566 763 1633 837 3οι

426 879 511 966 quod
533 881 569 941 ad
591 873 715 961 r'chgiosi
739 869 917 952 studiosique
941 866 1068 932 hominis
1088 867 1260 932 necessarios
1281 885 1347 930 usus
1368 865 1575 948 commodaque
1596 863 1687 946 perti·

432 1003 517 1046 neat.
539 987 615 1046 Cum
635 983 732 1063 itaque
762 977 800 1038 ob
830 974 961 1058 ingentia
982 989 1031 1033 tua
1051 972 1084 1033 in
1104 992 1150 1032 me
1179 969 1315 1032 benefitia
1348 969 1504 1030 redundare
1525 969 1556 1029 in
1577 985 1606 1027 te
1628 968 1675 1027 de-

435 1090 499 1148 beat
522 1085 661 1168 quidquid
685 1105 699 1142 a
722 1102 769 1143 me
790 1099 840 1162 per
862 1076 916 1136 hoc
946 1074 994 1136 abs
1024 1091 1053 1134 te
1083 1071 1156 1134 mihi
1187 1093 1354 1134 concessum
1386 1072 1480 1134 otium
1505 1055 1679 1138 excudaiur,
1765 1131 1779 1148 ‚

434 1189 608 1252 dedicandos
630 1185 682 1244 ribi
705 1182 826 1266 putavi,
848 1197 921 1260 quos
943 1197 1033 1259 nuper
1054 1175 1227 1238 Theodoriti
1248 1175 1421 1258 Cyrenensis
1451 1171 1585 1256 Episcopi
1603 1188 1683 1252 grae·

432 1312 480 1354 cos
501 1291 588 1350 libros
608 1289 644 1348 de
664 1285 804 1370 spirituali
825 1301 987 1366 graecarum
1011 1276 1194 1340 affeiiionum
1216 1277 1358 1339 medicina
1387 1277 1492 1339 latinos
1514 1273 1594 1338 feci.
1640 1275 1693 1336 Vir

436 1395 593 1456 catholicae
614 1391 758 1468 religionis
779 1388 917 1446 studiosus
939 1403 1077 1460 nunquam
1100 1405 1154 1443 non
1174 1387 1305 1452 curarit,
1327 1404 1362 1444 ne
1382 1385 1442 1460 quis
1460 1383 1634 1455 abriperetur
1655 1379 1686 1436 irr

329 1565 333 1572 ,
441 1516 563 1566 errores,
590 1497 688 1574 quidus
708 1490 945 1552 commaculantur
964 1488 1131 1548 illustriores
1154 1488 1257 1548 Graeci
1283 1484 1464 1564 philosophi.
1484 1483 1530 1541 Ea
1549 1496 1696 1558 propter,

438 1603 581 1664 hortatore
601 1601 648 1658 Io.
669 1599 819 1658 Francisco
841 1595 932 1660 Pico,
953 1591 1003 1651 hoc
1025 1589 1192 1650 Theodoreti
1213 1609 1281 1665 opus
1308 1587 1427 1647 latinum
1452 1586 1541 1662 fecit,
1571 1604 1626 1662 quo
1652 1573 1689 1647 ὁ·

440 1706 588 1771 Platonis,
612 1691 648 1764 θ
665 1700 813 1759 multorom
831 1709 976 1771 praeterea
996 1693 1222 1769 philosophorum
1232 1689 1388 1768 pugnantis
1411 1692 1485 1749 inter
1504 1709 1533 1749 se
1545 1685 1587 1749 ¹de
1605 1691 1686 1748 relus

444 1808 545 1866 divinis
565 1807 735 1871 sententiae,
757 1795 792 1864 ὰ
812 1801 942 1861 instituta
962 1797 1100 1854 humanae
1125 1797 1203 1854 vitae
1224 1783 1259 1854 <i
1287 1793 1407 1852 moribus
1434 1794 1593 1868 perniciosa
1619 1811 1685 1868 pro·

446 1911 567 1978 aanor.
588 1906 654 1965 Hac
675 1908 739 1981 ipsa
762 1905 794 1962 de
815 1921 912 1962 caussa
934 1899 1035 1958 multos
1050 1917 1136 1957 annos
1153 1912 1217 1957 ante
1231 1897 1422 1957 Caesariensis
1433 1896 1551 1956 Eusehii
1569 1895 1690 1964 librum,
1764 1956 1767 1964 ¹

406 2082 410 2094 Ι
443 2030 499 2086 quo
520 2009 689 2068 Philostrati
711 2009 745 2066 de
767 2003 923 2080 Apollonio
948 2002 1062 2081 Tyaneo
1092 2000 1212 2058 historia
1234 1999 1370 2076 fabulosa
1389 1998 1574 2075 confutatur,
1595 2001 1625 2059 in
1646 2000 1693 2058 ln.

444 2117 532 2173 tinam
554 2113 679 2188 linguam
700 2108 851 2170 convertit.
877 2106 971 2164 Tanta
992 2125 1012 2162 a
1033 2104 1164 2162 Platonis
1185 2104 1316 2180 scriptis,
1339 2123 1413 2182 quae
1434 2118 1490 2163 tuns
1511 2103 1542 2164 in
1562 2105 1690 2164 manibus

446 2215 568 2273 omniurn
589 2229 684 2280 erant,
703 2214 848 2272 metuenda
866 2210 993 2287 pericula
1014 2207 1127 2292 ajebat,
1139 2221 1169 2265 ut
1188 2208 1342 2268 Mamilius
1363 2207 1493 2274 Ficinus,
1509 2207 1558 2282 pai
1588 2207 1689 2266 Plato·

445 2338 505 2378 nem
529 2312 564 2378 (9·
585 2315 729 2376 Plotinum
750 2315 856 2373 latinos
873 2312 965 2388 fecit,
986 2312 1054 2371 haec
1075 2314 1108 2371 de
1128 2333 1157 2372 se
1172 2315 1199 2373 ei
1221 2314 1311 2374 dicere
1331 2313 1452 2378 soleret,
1474 2307 1578 2394 faliunt
1595 2309 1691 2391 provi-

445 2418 544 2478 dentia
556 2417 719 2477 Florentini
740 2415 880 2477 Praesulis
901 2415 1062 2484 Antonini,
1084 2435 1142 2496 quo
1164 2417 1290 2476 minuse
1310 2417 1438 2478 Platonis
1458 2415 1597 2482 leiiione,
1611 2433 1699 2498 quam

441 2522 511 2582 inde
533 2542 549 2594 a
569 2520 664 2603 pueris
685 2537 867 2600 summopere
888 2517 1037 2588 adamavi,
1059 2518 1091 2578 in
1114 2520 1305 2601 perniciosam
1327 2518 1455 2580 haeresin
1475 2518 1623 2601 prolapsus
1638 2513 1700 2576 fue.

443 2625 520 2684 sim.
541 2625 664 2684 Omnino
685 2624 788 2683 mederi
813 2625 922 2692 malis,
945 2613 980 2684 ὁ·
1007 2623 1150 2682 consulere
1173 2623 1371 2700 philosophiae
1405 2625 1537 2683 studiosis
1572 2623 1702 2699 cupiebat

445 2729 519 2800 Leo,
539 2747 623 2805 quam
645 2729 756 2788 laudern
777 2730 805 2788 ei
826 2729 924 2786 tribuit
942 2745 1050 2802 quoque
1072 2725 1229 2787 Marcellus
1260 2727 1398 2803 Virgilius
1423 2727 1453 2786 in
1474 2727 1618 2804 epistola,
1639 2743 1699 2802 qua

447 2835 475 2893 ei
496 2835 663 2910 nuncupavit
683 2833 864 2893 Dioscoridis
885 2831 1018 2891 librorum
1039 2834 1321 2908 interpretationem.

367 2936 432 3016 (98)
453 2937 489 2994 H
508 2937 598 3012 ipsum
630 2949 749 2994 testatur
774 2936 923 2996 Giraldius
956 2934 992 2994 dc
1020 2935 1113 3016 poetis
1143 2955 1260 2995 suorum
1293 2944 1458 3017 temporum
1480 2934 1556 2994 Dial.
1585 2935 1627 2994 11.
1645 2935 1703 2996 Ait

448 3039 541 3098 enim:
562 3035 638 3097 in'ter
662 3036 788 3097 eruditos
808 3037 928 3120 quidem
951 3041 1198 3122 magnus'ubique
1221 3040 1377 3108 ostanus,
1398 3039 1454 3100 nisi
1474 3035 1552 3121 quod
1567 3036 1636 3097 stilo
1657 3037 1707 3100 ab·

450 3139 557 3209 salnes,
582 3159 635 3200 nec
656 3161 719 3202 suas
738 3161 808 3224 opes
828 3141 943 3223 publica
963 3141 1080 3204 taberna
1110 3143 1261 3204 vendicat.
1293 3145 1344 3204 De
1372 3165 1405 3204 eo
1429 3143 1515 3220 plura
1546 3154 1698 3200 narrarint

448 3242 681 3320 Lagomarsiaius
701 3245 737 3305 ad
759 3245 850 3328 Epist.
871 3245 994 3329 Pogiani
1016 3247 1084 3306 Vol.
1105 3248 1158 3306 IV.
1180 3249 1331 3326 Quirinius
1353 3249 1435 3308 Card.
1456 3245 1608 3326 specimen
1622 3241 1702 3304 Bria.

452 3341 586 3408 Litteras·
607 3349 641 3408 P.
662 3350 702 3431 ll.
723 3339 759 3412 ὁ·
788 3351 983 3412 Tirahoschius
1004 3349 1072 3410 Vol.
1092 3351 1162 3409 Vll.
1185 3351 1218 3410 P.
1240 3351 1279 3410 11.
1304 3349 1397 3410 storia
1418 3347 1493 3408 della
1520 3351 1705 3408 Letteraturs

454 3448 598 3510 italiana.
617 3452 648 3511 Is
669 3450 764 3512 multis
784 3453 988 3528 acceptissimus
1010 3455 1123 3514 Romae
1144 3454 1216 3518 obiit
1236 3475 1284 3514 aar.
1309 3463 1397 3529 ¹5⁶7·
1549 3446 1555 3458 '

372 3551 442 3634 (η)
462 3554 514 3616 De
534 3575 568 3616 eo
588 3555 656 3617 haec
681 3557 801 3636 Wolfius
821 3555 854 3616 in
875 3555 1045 3620 Bibliothec.
1065 3558 1194 3618 Hebraea
1225 3577 1253 3638 p.
1286 3567 1352 3631 ptr.
1379 3555 1449 3617 edit.
1479 3553 1643 3636 Hamburgi
1672 3543 1705 3614 ἆ

457 3658 572 3742 Lipsiae
595 3677 641 3719 an.
664 3658 1018 3734 1715.Felix1Pratensis
1039 3661 1128 3722 italus
1157 3641 1307 3724 Rabbinus
1338 3663 1414 3723 inter
1434 3661 1557 3723 Iudaeos
1578 3659 1707 3722 eruditus

455 3767 485 3822 ds
506 3761 611 3826 deinde
633 3763 743 3824 Romae
772 3749 860 3838 s5i8.
880 3761 917 3822 ad
937 3761 1090 3826 Christum
1116 3784 1286 3835 conversus,
1307 3770 1335 3824 &
1356 3767 1388 3826 in
1410 3769 1437 3826 S.
1458 3763 1617 3853 Augustini
1637 3762 1717 3824 ordi·

454 3881 525 3936 nem
545 3879 718 3948 cooptatus,
739 3866 830 3928 trium
850 3865 1015 3950 linguarum
1035 3866 1156 3946 peritis,
1178 3874 1208 3927 δι
1228 3869 1307 3930 saria
1327 3867 1457 3933 dostrina
1477 3867 1631 3930 instruiius
1661 3885 1714 3949 per

456 3968 565 4030 multos
585 3987 677 4028 annos
697 3967 813 4028 ludaeis
834 3970 944 4028 Romae
964 3967 1150 4031 concionatus
1170 3985 1213 4030 est
1233 3986 1293 4033 tam
1316 3969 1454 4045 feliciter,
1477 3988 1530 4042 ut,
1552 3969 1653 4034 multis
1674 3967 1712 4030 sd

459 4069 590 4132 veritatis
610 4069 789 4152 agnitionem
810 4068 973 4149 perdullis,
995 4068 1140 4151 flagellum
1161 4062 1358 4135 Hebraeoiurn
1373 4073 1542 4157 plerumque
1552 4074 1713 4136 diceretur.

459 4172 560 4233 Prima
580 4171 673 4234 editio
693 4172 873 4234 Bibbliorum
893 4171 1121 4237 Rabbinicorurn
1145 4174 1587 4260 BambergianaVenet.1518.
1614 4194 1713 4242 curate
1782 4241 1785 4247 ,

458 4271 589 4356 prodiit,
611 4273 663 4354 qui
685 4280 713 4335 da
733 4271 939 4356 praefationem
961 4279 1024 4338 Lat.
1043 4277 1080 4339 ad
1101 4281 1226 4342 Leonem
1247 4283 1287 4341 X.
1308 4283 1345 4342 P.
1365 4283 1411 4343 M.
1430 4279 1569 4344 nisenam
1600 4282 1721 4364 praemi.

460 4375 518 4450 pie,
541 4393 578 4435 ex
597 4395 654 4458 qua
674 4377 762 4440 enam
784 4395 900 4462 appares
928 4379 1125 4465 Bombergum
1154 4383 1283 4466 primum
1312 4384 1347 4445 ab
1371 4404 1406 4446 eo
1431 4385 1536 4446 litteris
1560 4383 1714 4446 Hebraicis

463 4475 610 4540 imbutum
632 4497 710 4551 esse,
732 4497 766 4542 ut
786 4481 833 4543 vel
854 4480 909 4544 hac
929 4483 1049 4546 nomine
1070 4483 1250 4548 Christianus
1268 4485 1384 4548 arbisei
1399 4489 1525 4552 multum
1537 4487 1712 4560 debeat..'.,

466 4581 597 4644 Psalmos
618 4583 742 4648 Desidia
762 4607 798 4648 ex
819 4586 952 4649 Hebraeo
971 4589 1009 4651 ad
1038 4587 1157 4684 ¹verbum
1179 4585 1237 4648 lere
1269 4591 1420 4653 translatos
1449 4608 1517 4654 cum
1547 4593 1652 4656 Leonis
1682 4593 1721 4652 x.

473 4680 678 4765 ⁸Pl³10bsti⁰ut
697 4687 833 4775 uotisque
854 4689 913 4760 ssia
932 4693 1037 4758 Venes.
1061 4708 1150 4834 ml
1170 4692 1298 4773 primum
1313 4693 1406 4758 edidis
1426 4736 1436 4757 .
1457 4735 1465 4754 .
1486 4735 1496 4756 .
1517 4736 1526 4753 .
1546 4694 1600 4757 llle
1615 4692 1729 4775 primus
