4472 5828
638 653 683 724 26
806 735 809 742 ¹
1026 657 1054 724 L
1102 646 1131 718 E
1173 641 1210 722 Ὀ
1258 653 1290 724 li
1337 648 1353 718 l
1400 648 1423 718 S
1496 649 1536 720 x.

588 793 673 862 spe,
694 768 785 864 quod
810 771 953 865 majores
976 772 1067 860 mei,
1092 773 1154 866 qui
1176 795 1343 843 summam
1372 771 1409 842 in·
1432 769 1477 842 iis
1499 767 1691 863 regionibus
1714 787 1921 861 potestaten

589 897 777 975 habebant,
801 895 938 968 fuerant
963 895 1150 967 Laurentio
1170 896 1328 966 Medi'ceo
1351 892 1620 988 conj‘undlissimi
1632 945 1647 979 ,
1670 893 1832 984 quodque
1847 915 1926 982 pro·

587 1019 751 1092 miserant
786 1019 888 1090 Petro
912 1041 948 1088 se
973 1016 1007 1088 ei
1031 1040 1207 1110 nunquam
1230 1013 1437 1087 defuturos.
1464 1012 1512 1082 Hi
1533 1012 1670 1105 quidem
1694 1034 1736 1084 se
1769 1035 1808 1084 se
1847 1034 1929 1102 per·
1975 1043 1980 1052 ·

587 1137 718 1222 moveri
742 1138 928 1224 dixerunt,
952 1159 991 1208 ut
1016 1163 1115 1231 quam
1138 1135 1412 1212 benevolentiam
1436 1137 1471 1204 dc
1495 1133 1595 1206 fidem
1619 1134 1709 1223 patri
1726 1184 1742 1216 ‚-
1761 1135 1796 1205 si
1823 1135 1932 1208 vive-

585 1273 665 1342 ret,
690 1280 728 1326 se
749 1258 870 1330 debere
891 1259 1107 1348 sentiebant,
1126 1259 1210 1330 filiis
1231 1275 1444 1350 praestarent
1465 1253 1483 1340 (
1494 1254 1578 1346 ις).
1601 1253 1716 1326 Nihilo
1734 1275 1850 1331 tarueu
1862 1254 1931 1328 ni-

588 1391 679 1460 nus,
702 1403 790 1468 quae
811 1380 959 1451 imminet
990 1383 1119 1470 oppido
1142 1405 1229 1464 arx,
1254 1379 1289 1448 in
1312 1402 1386 1472 quo
1406 1379 1630 1450 firmissimum
1655 1361 1933 1450 eratFlorentiss

590 1522 711 1570 norum
737 1503 963 1587 praesidium,
988 1524 1149 1594 quaeque.
1167 1501 1238 1574 loci
1262 1519 1386 1572 natura
1420 1499 1643 1570 munitissima
1668 1517 1768 1584 erat,
1808 1496 1886 1586 capi
1909 1519 1935 1568 u

591 1621 727 1690 Venetis
753 1621 887 1690 minime
909 1624 1047 1712 potuit.
1072 1628 1194 1716 ltaque
1215 1627 1383 1702 Petrus&
1397 1619 1569 1701 Iulianus,
1596 1617 1853 1708 oppugnatione
1879 1636 1933 1686 re·

591 1739 702 1826 lida,
726 1765 802 1813 curn
827 1746 982 1814 exercitu
1007 1748 1131 1812 Forum
1157 1745 1244 1814 Livii
1277 1766 1401 1814 versus
1421 1744 1491 1813 iter
1515 1757 1771 1828 susceperunt.
1800 1737 1933 1806 Decre-

592 1881 697 1934 verat.
729 1863 818 1934 enirn
848 1867 993 1934 Senatus
1030 1885 1074 1932 ex
1111 1864 1200 1934 illius
1233 1865 1323 1936 urbis
1365 1885 1470 1954 regno
1510 1859 1678 1949 expellere
1709 1854 1933 1928 Catharinarn

591 1982 779 2072 Ssortianr,
803 1971 894 2079 quod
918 1985 1124 2056 Florentinis
1159 1983 1284 2056 auxilia
1321 1984 1355 2052 in
1394 1979 1634 2070 rempublicam
1673 1979 1835 2048 miserat.
1868 1969 1936 2042 Sed

592 2103 666 2174 bac
683 2125 828 2194 quoque
845 2127 880 2174 re
905 2103 1049 2186 insecta,
1062 2107 1182 2176 Petrus
1208 2104 1278 2196 egit
1303 2125 1379 2172 cum
1400 2101 1582 2172 Ramberto
1604 2095 1789 2166 -Malatesta
1812 2091 1855 2164 de
1874 2091 1936 2162 de·

594 2223 767 2296 dtr'cendis.
785 2225 896 2314 copiis·
914 2227 955 2296 in
974 2225 1146 2296 Etruriam
1169 2249 1229 2315 per
1257 2223 1397 2294 Solliani
1422 2219 1612 2309 oppidum,
1639 2215 1697 2286 cui
1723 2215 1795 2304 ipse
1821 2213 1933 2301 impe-

567 2346 720 2432 ,rabat,
738 2345 902 2438 quodque
925 2345 1075 2435 positum
1098 2365 1151 2418 est
1184 2347 1220 2416 in
1256 2344 1428 2435 apennino
1452 2343 1549 2434 juxta
1588 2333 1870 2408 Florentinorum
1900 2333 1935 2402 bt

594 2468 812 2540 Urbinatium.
830 2467 933 2538 lines.
957 2468 1032 2536 Hoc
1055 2489 1076 2536 a
1101 2467 1238 2538 Venetis
1254 2466 1398 2557 probato
1423 2459 1597 2544 consilio,
1623 2455 1808 2541 exercitus,
1834 2451 1944 2522 silen-

593 2589 653 2658 tio:
670 2584 784 2660 uodli's
805 2587 926 2660 itinere
950 2587 1127 2674 consedlo,
1152 2583 1339 2658 incredibili
1364 2579 1540 2654 celeritate
1558 2578 1600 2648 ad
1615 2577 1733 2646 fanum
1757 2571 1944 2644 Camal'du·

591 2705 724 2797 lenset,
739 2709 827 2781 dum.
844 2709 1055 2782 Coenobitae
1083 2707 1267 2780 nodlurnas
1294 2727 1414 2794 preces
1441 2699 1638 2782 faciebant,
1661 2697 1846 2786 pervenit,
1869 2712 1936 2764 eo-

591 2851 659 2919 que
684 2847 812 2918 capto,
836 2829 952 2900 eadem
976 2827 1160 2900 celeritate
1177 2828 1355 2898 bibienam
1375 2821 1585 2894 contendit.
1607 2821 1684 2920 lloc
1708 2837 1845 2906 quoque
1868 2835 1936 2901 op·

592 2947 716 3036 pidum·
734 2949 771 3020 vi
794 2954 828 3020 oc
855 2947 1000 3018 fallaciis
1027 2949 1064 3018 in
1087 2951 1301 3019 Venetorum·
1322 2963 1529 3034 potestatem
1553 2941 1668 3024 venit,
1694 2937 1840 3026 indeque
1860 2952 1942 3021 pro·

590 3067 702 3156 gressi
726 3067 918 3158 Puppim,
940 3090 1021 3140 curu
1043 3091 1164 3158 neque·
1180 3063 1518 3157 pollicitationibus,
1537 3083 1649 3151 neque
1668 3053 1942 3128 denunciatione-

593 3186 741 3278 peri'culi*
758 3209 959 3278 permovere
984 3187 1178 3276 potuissent
1211 3186 1403 3277 oppidanos
1421 3235 1436 3267 ,
1456 3203 1664 3272 oppugnare·
1684 3177 1910 3248 instituerunt
1923 3219 1941 3245 a

592 3305 751 3376 Fortiter
766 3307 795 3378 is
809 3307 962 3378 bostium
984 3308 1153 3396 impetum.
1170 3305 1356 3392 tulerunt,
1372 3308 1407 3375 u
1433 3325 1510 3372 cnm
1543 3301 1614 3392 ianr
1634 3296 1751 3368 omnia
1774 3293 1847 3367 fere
1870 3315 1936 3366 su·

594 3425 736 3518 periore
753 3424 838 3497 locu
857 3425 1079 3499 multitudine.
1098 3446 1311 3502 annatorum
1333 3421 1503 3513 completa
1544 3419 1849 3509 conspicerentur·
1875 3435 1941 3484 ¹¹³·

593 3571 672 3640 que
688 3565 897 3618 commeatus
930 3549 1150 3638 supportari,
1174 3547 1380 3620 interclusis.
1399 3544 1601 3622 itineribus,
1626 3545 1659 3612 ὃι
1687 3537 1769 3608 nive
1795 3555 1942 3604 consrv-

593 3685 751 3757 scente,
766 3687 917 3760 posset,
934 3675 967 3741 oc
991 3669 1058 3761 jam
1083 3672 1155 3765 jam
1175 3671 1369 3744 aduentare
1384 3691 1427 3738 ex
1453 3689 1544 3758 agro·
1560 3665 1685 3733 Pisano
1711 3682 1788 3729 cum
1813 3673 1936 3746 magne

599 3788 756 3864 mssl'tum·
777 3812 888 3861 manu,
919 3789 1079 3861 Paullum
1102 3791 1276 3863 Vitellium
1297 3788 1546 3869 nunciaretur,
1579 3784 1696 3856 iisdem
1731 3775 1940 3856 itineribus,

598 3911 723 4002 quibus
747 3933 790 3982 eo
813 3931 1072 4002 pervenerunt,
1103 3914 1152 3985 ad
1171 3911 1322 3984 salutem
1350 3907 1628 3980 contenderunt.v
1654 3904 1712 3972 lta·
1745 3911 1943 3968 commute-

597 4049 649 4101 tn
671 4030 830 4118 fortuna,
853 4011 961 4133 quarn
979 4037 1125 4127 saepius:
1140 4032 1239 4105 iraud'
1258 4030 1459 4104 tentandam
1485 4029 1569 4100 esse·
1600 4023 1806 4118 iudicarunt:
1843 4015 1964 4084 Vene—

600 4155 658 4240 ti,
682 4152 880 4244 sumptibus
896 4159 1124 4252 acceptisque
1164 4147 1382 4231 detrimentis
1424 4155 1514 4226 sessi
1527 4206 1538 4239 ,
1579 4169 1678 4221 aures
1718 4139 1955 4232 praebuerunt

602 4273 751 4345 Herculi
771 4277 936 4346 Atestino
963 4283 1142 4352 ferrariae
1177 4281 1296 4365 Duci,
1321 4301 1399 4372 quo·
1434 4273 1568 4346 arbitro·
1588 4293 1662 4362 pax·
1696 4265 1792 4335 imer-
1826 4277 1896 4328 eos·
1914 4255 1954 4326 de

601 4391 822 4465 fbrmtinos
854 4395 1009 4465 conserta
1041 4415 1095 4467 ert
1124 4399 1270 4487 postrid.
1306 4422 1387 4468 non.
1430 4395 1555 4484 Aprilis
1596 4415 1652 4460 an.
1685 4379 1960 4457 mccccxcsx'.

605 4513 690 4586 mr
720 4512 813 4586 baec
846 4537 920 4607 pax
951 4517 1150 4610 gratissime
1179 4514 1404 4606 Reipublicae
1434 4511 1687 4585 florentinae.
1720 4507 1808 4575 uam
1845 4517 1955 4590 praer-
