4472 5828
593 649 597 658 '
691 670 737 724 to
1078 663 1104 728 L
1153 651 1180 730 Ε
1229 663 1260 729 O
1309 667 1338 732 N
1388 666 1403 732 l
1447 664 1473 730 S
1538 651 1587 730 X.

634 769 752 846 rificiis
778 771 901 854 minis,
932 775 1082 847 concilio
1106 781 1220 852 sedern
1259 785 1484 872 praebuerat,
1512 767 1616 872 ¹quud
1652 777 1826 848 Gallorum
1869 799 1970 865 opera

593 987 595 992 Ι
635 891 722 980 Pisis
750 913 978 966 convocatum
1001 918 1079 984 est,
1101 901 1217 990 specie
1241 899 1376 994 quidem
1413 901 1615 976 consulendi
1635 901 1741 970 ‘rebus
1782 895 1974 966 carbolcae

634 1013 828 1104 religionis,
855 1023 998 1088 revera
1031 1037 1071 1094 ut
1095 1020 1252 1098 Pontifici
1291 1021 1354 1110 ipsi
1389 1020 1564 1110 negotium
1601 1019 1843 1100 facesserent,
1878 1017 1976 1108 cujus

632 1131 703 1203 odii
728 1156 850 1208 caussa
872 1139 1034 1216 loannem
1057 1139 1231 1216 Bononiae
1247 1141 1409 1233 Legatum
1435 1141 1540 1212 dixit.
1567 1143 1645 1233 Qua
1672 1137 1841 1232 legatione
1857 1159 1975 1209 susce·

635 1259 995 1360 r122mannamipse
1021 1260 1055 1330 in
1079 1285 1173 1350 spem
1199 1262 1294 1338 venit
1320 1260 1423 1347 sore,
1450 1281 1485 1330 ut
1525 1261 1590 1330 sibi
1624 1263 1789 1351 majorum
1827 1278 1969 1328 suorum

635 1373 820 1464 beneficia,
841 1358 939 1477 jura,
960 1380 1078 1480 diique
1097 1400 1238 1470 penates
1254 1381 1492 1456 redderentur.
1519 1379 1682 1452 Pluribus
1698 1376 1977 1448 Gttitciato'inius

635 1491 762 1580 refert,
789 1520 876 1591 quae
900 1500 985 1580 dixit
1012 1503 1211 1581 Soderinius
1232 1505 1265 1572 in
1294 1501 1486 1586 concione,
1514 1521 1552 1573 ut
1577 1502 1738 1590 probaret
1769 1495 1973 1572 Florentinis

636 1616 705 1683 suis
731 1617 845 1694 odiunt
871 1618 1041 1698 Pontificis
1065 1620 1210 1706 ineos,
1235 1642 1274 1691 ut
1299 1623 1334 1698 in
1358 1622 1519 1697 invidiam
1553 1621 1627 1714 ejus
1663 1623 1832 1712 Legatum
1870 1641 1985 1706 uoces

633 1755 706 1818 ret,
732 1755 838 1826 utque
865 1761 926 1817 eos
948 1739 1191 1816 ¹adhortaretur
1217 1743 1259 1816 ad
1285 1745 1531 1834 corrogandam
1564 1744 1741 1834 pecuniam
1782 1761 1824 1812 ex
1860 1735 1980 1814 [ccle-

636 1857 706 1924 siae
731 1855 849 1938 bonis,
874 1881 960 1947 quae
986 1857 1074 1929 bello
1098 1857 1284 1939 conflando
1306 1841 1399 1938 esset
1424 1865 1656 1936 necessaria.

631 2075 633 2079 v
733 1977 866 2046 lnterea
893 1979 1037 2054 loannes
1078 1979 1222 2050 fiduciae
1253 1981 1372 2070 plenus
1407 2005 1484 2064 cnm
1511 1980 1772 2054 instrussissimo
1798 1977 1978 2055 exercitu,

629 2091 774 2164 ineunte
799 2092 919 2180 hyeme
932 2119 989 2176 an.
1012 2110 1155 2185 nonu,
1180 2101 1224 2170 ad
1248 2101 1508 2192 oppugnandam
1534 2102 1742 2185 Bononiam,
1759 2095 1817 2170 ubi
1834 2096 1977 2184 superbe

634 2213 668 2280 a
694 2211 874 2295 crudeliter
907 2215 1119 2306 imperabant
1141 2241 1292 2314 quatuor
1311 2221 1449 2300 ioannis
1488 2217 1660 2295 Bencivoli
1687 2215 1769 2296 filii,
1802 2213 1972 2306 protenus

630 2350 708 2408 est.
734 2333 963 2416 Ferdinandus
989 2339 1061 2410 Rex
1088 2341 1257 2429 eopiarunt
1284 2365 1423 2416 suarum
1444 2341 1618 2430 imperium
1640 2338 1783 2412 dederat
1802 2338 1975 2420 llayutun·

637 2451 681 2521 ὅθ
706 2451 880 2534 C01d0nio
907 2458 1062 2546 Neapolis
1088 2462 1243 2552 Proregi,
1269 2462 1328 2532 sed
1353 2460 1444 2552 quod
1477 2458 1536 2532 hic
1572 2459 1668 2532 civili
1701 2458 1833 2547 magis,
1873 2477 1974 2546 quam

636 2571 772 2644 militari
798 2574 905 2664 gloria
934 2574 1098 2662 florebat,
1124 2581 1289 2670 principes
1316 2580 1450 2652 consilii
1477 2585 1508 2652 δι
1543 2579 1695 2650 omnium
1721 2600 1854 2660 rerum,
1887 2597 1975 2666 quae

636 2693 794 2782 propriae
818 2715 932 2768 essent
955 2697 1055 2783 belli,
1082 2701 1300 2782 administros
1327 2699 1475 2770 habebat·
1495 2699 1679 2774 Fabricium
1704 2695 1911 2778 Columnam
1942 2697 1975 2762 bt

626 2813 770 2894 Petrum
797 2815 1004 2902 Navarrum,
1026 2819 1150 2912 ¹quibus
1176 2838 1313 2914 propter
1339 2819 1503 2893 virtutem
1528 2815 1718 2890 confidebat
1743 2813 1910 2890 maxime.
1935 2812 1972 2884 ln

629 2931 707 3020 ipso
731 2928 881 3024 itinere,
907 2937 999 3033 quod
1035 2917 1093 3037 per
1129 2940 1307 3024 Picenum,
1345 2939 1539 3024 Umbriam,
1579 2956 1797 3032 rogatumque
1833 2931 1979 3005 Galliam

637 3051 812 3142 fecerunt,
835 3059 1011 3145 navarrus
1043 3062 1083 3144 ¹in
1108 3056 1372 3144 Ferrariensiutn
1396 3059 1480 3138 fines
1507 3059 1667 3145 divertit,
1693 3061 1727 3126 δι
1750 3053 1899 3130 Bestiam
1915 3051 1980 3122 fit·

634 3177 819 3252 missimum
844 3178 1137 3270 propugnaculum
1160 3162 1492 3278 oppugnavitrlnde
1518 3177 1689 3259 exercitus
1717 3175 1759 3252 ad
1796 3174 1974 3246 Bononiae

634 3297 771 3372 moenia
804 3299 976 3384 accessit,
1004 3301 1252 3391 occupatisque
1276 3298 1375 3380 editis
1399 3298 1508 3384 locis,
1534 3299 1570 3374 in
1595 3301 1667 3387 ipsa
1691 3297 1826 3372 moenia
1859 3295 1977 3382 impe-

630 3433 708 3490 Jum
734 3416 841 3495 fecit.
865 3417 980 3502 Plures
998 3443 1024 3504 „e
1050 3419 1518 3510 primariis-Bononiensinm
1556 3417 1692 3492 familiis
1731 3419 1774 3489 ad
1811 3423 1975 3490 loannem

635 3535 885 3643 confugerant,
908 3515 970 3630 gui
994 3541 1130 3622 tametsi
1156 3539 1359 3632 intelligeret
1383 3541 1515 3615 minime
1539 3539 1654 3618 mitem
1679 3536 1753 3611 fore
1778 3537 1977 3609 Pontificem

637 3654 672 3721 iu
705 3654 908 3745 ulciscendis
939 3659 1093 3760 injuriis,
1119 3685 1205 3759 quas
1229 3684 1433 3756 acceperat,
1459 3663 1553 3752 quod
1580 3663 1701 3739 civitas
1729 3659 1770 3730 ab
1803 3657 1875 3750 ejus
1917 3657 1980 3732 im-

634 3775 729 3868 perio
755 3775 950 3878 defecerat,
974 3783 1067 3874 quod
1089 3805 1203 3868 arcem
1229 3783 1269 3858 ab
1293 3805 1335 3860 eo
1369 3781 1543 3860 conditam
1581 3800 1777 3864 everterat,
1819 3773 1977 3866 quodque

637 3915 775 3977 aeneam
801 3897 873 3990 ejus
898 3875 1047 3980 statuam
1074 3903 1313 3994 confregerat,
1338 3924 1492 3992 magnam
1527 3923 1564 3970 se
1598 3919 1711 3974 tamen
1737 3899 1864 3970 habete
1891 3917 1983 3982 spent

636 4013 811 4100 ostendit,
837 4037 875 4094 ut
902 4021 1163 4114 praeteritarum
1188 4045 1301 4098 rerum
1335 4021 1618 4104 oblivisceretur,
1643 4018 1847 4108 veniantque
1886 4036 1983 4084 erra·

637 4125 683 4202 tis
711 4132 870 4220 deceptae
896 4139 1122 4220 multitudinis
1149 4143 1375 4221 concederet.
1401 4143 1639 4234 Quassabatur
1666 4138 1801 4208 interim
1839 4134 1982 4224 majori·

617 4250 701 4355 (bus
729 4251 906 4324 tormentis
931 4283 1046 4332 murus
1073 4263 1113 4335 ab
1138 4285 1179 4338 ea
1205 4281 1325 4350 parte,
1351 4285 1419 4349 qua
1456 4259 1665 4334 Florentiam
1704 4259 1797 4340 itur,
1836 4259 1869 4324 bt
1905 4274 1984 4342 age·

636 4371 761 4448 bantur
786 4365 952 4449 cuniculi,
980 4378 1078 4456 cuius
1103 4379 1153 4446 rei
1178 4377 1277 4467 longe
1299 4379 1523 4465 peritissimus
1544 4399 1617 4450 erat
1645 4381 1845 4459 Navarrua,
1871 4396 1977 4462 prope

634 4487 802 4576 Sacellum
828 4487 956 4568 Mariae
977 4487 1110 4588 Virgini
1136 4486 1312 4574 dicatum,
1334 4495 1428 4584 quod
1453 4497 1618 4572 Baracaui
1642 4497 1793 4572 dicitur.
1820 4499 1898 4572 uon
1918 4493 1986 4566 mi·

1433 4637 1439 4642 ·
1853 4634 1932 4688 nort
2009 4625 2013 4634 '
