4472 5828
614 735 663 809 74
1005 725 1033 794 l..
1081 723 1109 797 Ε
1157 723 1191 796 0
1237 723 1270 797 N
1319 729 1335 800 l
1381 727 1405 800 8
1477 722 1522 794 X.

558 840 649 932 Rege
674 841 705 909 δι
730 843 875 916 Caesare
901 836 1137 932 calamitates,
1162 865 1201 923 ur
1227 849 1433 944 ingratiam
1463 867 1543 920 cum
1565 843 1722 958 Romana
1743 823 1906 915 Ecclesia

440 1027 442 1032 .
559 961 704 1047 Iedlret,
728 986 838 1046 nequo
861 963 1035 1024 dubitabas
1052 1015 1061 1038 ,
1078 969 1164 1046 quiea
1187 992 1304 1026 eceman
1332 968 1511 1026 mitissimo
1537 967 1672 1025 :diarriae
1696 980 1788 1022 occet
1812 965 1902 1022 Pom-

559 1079 665 1164 tisex,
696 1075 756 1171 qui
783 1094 837 1147 tot
866 1074 902 1146 in
933 1075 1130 1148 deerrantes
1161 1076 1313 1149 ediderat
1338 1071 1609 1144 mansuetudinis
1627 1066 1802 1160 exempla,
1823 1070 1905 1162 qui-

429 1227 432 1233 ·
559 1223 626 1290 que
652 1197 805 1281 nemini,
835 1195 895 1291 qui
942 1218 1090 1268 errorem
1122 1219 1222 1269 suum
1263 1195 1498 1289 deposuisset,
1524 1191 1661 1268 veniam
1689 1197 1724 1264 bt
1749 1189 1903 1282 impuni-

557 1339 664 1393 tatem
702 1343 738 1390 se
773 1341 842 1390 non
877 1318 1036 1388 daturum
1078 1317 1325 1418 profitebatur.
1349 1317 1517 1390 Laudavit
1546 1315 1602 1387 ille
1628 1310 1902 1406 exquisitissimis

558 1439 673 1510 verbis
704 1441 805 1532 Regis
836 1437 1015 1510 consilium
1046 1443 1082 1512 δι
1119 1436 1247 1514 sanun
1272 1489 1282 1520 ,
1306 1445 1475 1532 eumque,
1507 1447 1701 1530 proponens
1739 1437 1906 1529 majorum

564 1559 740 1650 exempla,
769 1557 970 1629 cohortatus
1007 1578 1091 1640 est,
1119 1577 1161 1631 ut
1187 1559 1345 1654 dignitati
1374 1559 1572 1654 &gloriae
1612 1557 1758 1659 serviret
1792 1554 1827 1626 in
1856 1553 1906 1624 rei

422 1679 426 1698 ¹
561 1676 772 1749 christianae
799 1676 999 1750 defensione
1025 1679 1264 1772 suscipienda.
1288 1684 1439 1752 Fuerunt
1465 1688 1500 1756 δι
1527 1679 1617 1758 aliae
1652 1676 1807 1768 publicae
1831 1675 1907 1750 lae·

557 1794 654 1869 tiriae
679 1819 822 1870 caussae
846 1799 891 1872 ob
915 1797 1105 1888 vidior'ias,
1139 1825 1225 1896 quas
1253 1803 1477 1893 Lusitaniae,
1505 1799 1725 1882 Pannoniae,
1744 1800 1781 1870 bt
1805 1793 1907 1868 Polo·

555 1913 637 1991 uiae
665 1919 775 2014 Reges
815 1921 982 1996 adversus
1018 1919 1183 2028 catholici
1220 1927 1368 2003 nominis
1403 1929 1524 2003 hostes
1566 1927 1813 2009 obtinuerunt,
1842 1938 1906 2010 pro

555 2037 682 2132 quibus
710 2041 840 2138 gratias
864 2045 943 2118 Deo
970 2045 1119 2140 agendas
1144 2051 1214 2120 Leo
1240 2049 1377 2122 censuit
1409 2069 1637 2142 magnacum
1661 2065 1788 2137 pompa
1812 2042 1849 2113 in
1869 2061 1905 2112 rc
2001 2073 2004 2078 Α

552 2163 755 2250 praesertim
786 2162 906 2238 divina
933 2162 1117 2252 iacienda,
1147 2173 1182 2242 bt
1205 2169 1241 2242 in
1267 2171 1535 2266 equitationibus
1562 2169 1605 2242 ad
1630 2166 1740 2240 Aedes
1765 2165 1797 2236 S.
1822 2165 1905 2234 Ma·

552 2276 629 2352 niae
651 2281 695 2356 de
718 2283 874 2380 Populo,
904 2290 940 2360 aa
964 2286 998 2358 S.
1027 2287 1236 2384 Augustini.
1256 2293 1431 2387 Quidquid
1455 2294 1579 2366 barum
1609 2311 1721 2364 rerum
1749 2284 1905 2384 jubebat,

555 2399 720 2492 curabat,
747 2423 788 2481 ut
811 2431 978 2485 summam
1012 2411 1155 2506 speciem
1175 2418 1210 2486 δι
1240 2414 1440 2508 dignitatem
1466 2413 1629 2486 haberet:
1656 2407 1801 2482 maxime
1816 2403 1904 2476 enim

554 2517 716 2617 (lingebat
743 2527 917 2621 publicam
944 2512 1252 2628 magnificentiam.
1277 2534 1453 2607 Commisit
1478 2556 1564 2608 vero
1589 2529 1734 2605 Camillo
1767 2527 1906 2611 Portio,

554 2655 596 2709 ut
613 2644 801 2740 oratione,
830 2675 935 2748 quam
959 2653 1050 2731 dixit
1074 2655 1111 2729 in
1135 2653 1269 2728 Sacello
1304 2651 1515 2752 Pontificio,
1543 2674 1613 2726 non
1642 2651 1746 2724 modo
1770 2648 1906 2721 Lusita·

554 2757 635 2830 liae
659 2767 761 2863 Regis
784 2773 920 2851 indicas
948 2773 1142 2866 victorias,
1171 2774 1232 2846 sed
1257 2778 1292 2840 dr
1316 2770 1435 2844 laudes
1461 2771 1667 2846 celebraret:
1693 2793 1793 2852 nam,
1818 2789 1903 2858 quas

555 2875 603 2948 ab
627 2897 672 2957 eo
702 2893 1062 2975 accepmc‚1rtterae
1089 2875 1299 2973 singularem
1334 2911 1417 2982 erga
1441 2913 1479 2964 se
1504 2897 1537 2965 br
1571 2897 1758 2968 Romanam
1793 2888 1911 2964 Eccle-

552 2997 643 3074 eiam
666 2999 884 3076 voluntatem
905 2997 1148 3072 declarabant.
1180 3002 1300 3095 Neque
1338 3007 1404 3078 hac
1438 3035 1475 3081 re
1500 3031 1685 3086 contentus
1711 3005 1907 3084 Emmanuel

552 3119 631 3192 Rex
655 3139 725 3196 tres
751 3119 795 3194 'ad
818 3139 897 3193 curn
921 3113 1055 3211 legatos
1086 3113 1180 3186 misit
1216 3139 1295 3188 cum
1330 3119 1542 3208 amplissimis
1575 3122 1801 3207 muneribus,
1838 3147 1909 3213 qua

551 3235 732 3334 legatione
753 3237 841 3314 nihil
867 3238 909 3313 iis
934 3235 1141 3328 temporibus
1168 3231 1239 3308 suit
1268 3237 1566 3333 magnificentius,
1591 3244 1709 3335 &pro
1736 3266 1807 3336 qua
1830 3244 1910 3317 sin.

484 3451 487 3458 Ι
556 3357 732 3452 nuanbm
757 3359 870 3437 verbis
897 3359 965 3433 Leo
991 3355 1040 3430 illi
1065 3357 1191 3450 gratias
1215 3358 1364 3452 agendas
1392 3363 1529 3436 censuit
1555 3358 1661 3454 (30).
1685 3365 1845 3456 Princeps
1866 3363 1914 3436 il·

556 3475 627 3552 iius
653 3497 728 3558 erat
752 3480 936 3553 Tristanus·
961 3481 1102 3574 Cugna,
1134 3477 1195 3573 qui
1218 3501 1274 3555 res
1311 3481 1503 3574 praeclaras
1535 3485 1571 3556 in
1606 3483 1699 3558 lndia
1733 3501 1913 3579 gesserat,
1998 3481 2001 3488 ’

416 3683 423 3692 ,
506 3587 509 3592 ’
555 3600 724 3697 cujusque
748 3625 881 3684 summa
914 3616 988 3676 erat
1022 3597 1198 3694 dignitasr
1228 3603 1465 3697 sequebantur
1503 3605 1648 3682 lacobus
1683 3605 1841 3686 Paciecus
1874 3610 1911 3680 δι

550 3721 699 3802 kanna
733 3723 834 3796 Paria
864 3723 977 3818 magni
1006 3722 1178 3810 mominis,
1202 3745 1412 3817 magnaeque
1436 3725 1649 3800 audloritatis
1675 3725 1909 3822 jurisconsul-¹

550 3848 601 3925 ti·
630 3851 757 3927 Urbem
788 3847 842 3926 illi
864 3851 1007 3948 ingressi
1032 3871 1115 3928 sunt
1138 3869 1198 3928 cv.
1222 3850 1270 3923 ld.
1298 3853 1414 3924 Martii
1439 3875 1493 3924 an.
1517 3869 1654 3928 rcoxrv.
1678 3877 1756 3928 cum
1781 3859 1928 3948 magno'

558 3967 748 4062 ίοῐῐιὶιιιιι,
784 3973 820 4048 in
844 3992 1039 4070 quoerant
1063 3992 1133 4048 tres
1160 3976 1302 4069 Cugaae
1330 3975 1439 4068 ipsius
1461 3974 1541 4064 filii,
1565 3983 1599 4050 er
1625 3974 1788 4068 cognati,
1808 3981 1841 4048 bt
1857 3972 1915 4045 as·

552 4077 638 4154 &¹0⁸
662 4077 779 4171 Plures
802 4135 814 4172 ι
831 4115 966 4192 eosque
984 4118 1008 4174 a
1033 4114 1135 4186 porta
1160 4096 1203 4169 ad
1227 4097 1413 4189 hospitium
1426 4095 1574 4188 Populus
1589 4099 1784 4180 Romanus,
1800 4101 1836 4169 bt
1853 4091 1916 4185 qui

554 4199 691 4272 obviarn
712 4201 761 4284 illi
793 4205 956 4281 miseram
990 4213 1191 4292 eardinales
1231 4220 1266 4290 tr
1288 4218 1485 4312 Principum
1512 4218 1652 4311 Legati,
1679 4214 1917 4309 praetoriani-

561 4341 631 4428 que
654 4321 774 4396 milites
805 4328 995 4410 incredibili
1018 4330 1219 4404 celebritate
1255 4333 1292 4402 bt
1329 4335 1466 4404 laetitia
1502 4339 1671 4422 prosecuti
1696 4349 1798 4402 sunt.
1829 4331 1911 4404 Erat

565 4439 710 4514 nunriis
743 4442 881 4530 elephas
917 4449 1055 4522 lodieus
1093 4454 1198 4522 mirae
1228 4449 1501 4540 magnitudinis,
1537 4451 1703 4539 panthera
1726 4450 1908 4534 venatica,

558 4559 738 4659 'magonae
763 4560 918 4643 imarum
948 4569 1031 4664 equi
1061 4566 1211 4655 Persici,
1233 4590 1338 4669 quern
1365 4569 1502 4670 regebat
1527 4566 1635 4648 Persa
1659 4587 1807 4670 renelot
1837 4569 1910 4666 ᾤ’
2053 4603 2055 4608 ’
