4472 5828
628 639 674 692 ao
1014 622 1040 690 L
1088 621 1115 690 E
1165 624 1197 692 0
1246 625 1275 692 N
1324 626 1338 693 1
1386 623 1408 691 S
1489 618 1529 688 X.

579 739 686 816 errori
721 739 856 812 veniam
885 760 1016 833 peteret
1054 745 1195 836 supplex
1228 739 1332 834 (ra).
1371 746 1459 814 Tum
1487 759 1669 814 revocatus
1707 765 1751 816 ex
1786 739 1909 818 itinere

579 859 673 948 fuit,
701 853 792 956 quod
823 861 937 954 paullo
976 882 1055 936 ante
1097 867 1239 936 Romam
1281 889 1401 940 versus
1432 864 1609 938 Pontificis
1639 863 1742 971 jussu
1767 867 1911 940 loannes

579 1005 800 1071 susceperat,
831 985 995 1076 cujusque
1033 1007 1154 1056 caussa
1179 985 1220 1056 ad
1255 985 1447 1058 Passiniani
1488 987 1664 1062 Abbatiant
1701 985 1913 1062 diverterat.
1990 971 2000 980 ⁵

577 1103 676 1174 Hunc
719 1104 810 1172 enim
847 1106 999 1176 obsidem
1033 1107 1156 1178 habere
1187 1101 1377 1189 Alexander
1410 1103 1578 1191 volebat,
1620 1125 1677 1176 ut.
1699 1105 1818 1176 Petrus
1861 1103 1926 1176 in·.

577 1221 743 1292 violatum
782 1220 902 1318 foedus
946 1245 1128 1294 servaret.
1170 1227 1374 1318 Quanquam
1408 1225 1553 1296 Carolus
1585 1227 1668 1298 satis
1701 1249 1775 1306 esse
1817 1231 1921 1294 caiis·

562 1363 633 1410 ,sae
670 1342 916 1427 arbitraretur,
958 1366 1061 1435 quare
1106 1345 1141 1414 in
1181 1343 1274 1428 hunc
1313 1365 1371 1432 aut
1399 1347 1471 1436 ipse
1508 1344 1817 1429 animadverteret,
1855 1361 1918 1414 aut

575 1461 750 1532 civitatem
778 1462 1047 1535 animadvertere
1064 1465 1219 1558 juberet,
1250 1464 1518 1556 indignationem
1544 1485 1657 1537 tamen
1685 1487 1781 1534 suam
1806 1464 1919 1546 texit,

575 1583 701 1681 &cum
729 1603 771 1650 eo
799 1584 952 1676 Sergiani
975 1584 1121 1674 benigne
1151 1587 1235 1656 adeo
1264 1587 1456 1658 collocutus
1485 1606 1618 1674 est,ut
1651 1587 1722 1673 ipse
1751 1607 1913 1656 summam

576 1699 611 1768 in
638 1723 730 1788 spem
745 1703 877 1772 venerit
903 1703 1074 1774 retinendi
1098 1705 1133 1774 in
1151 1705 1262 1794 patria
1290 1705 1521 1795 principatum
1538 1703 1661 1774 .Simul
1680 1701 1918 1774 'commonefe-

577 1821 624 1890 eir
666 1821 738 1892 Re‘x
776 1845 862 1913 quae
890 1821 963 1912 ipse
991 1821 1242 1894 aFlorentinis
1278 1827 1449 1918 exigeret,
1486 1826 1515 1895 si
1544 1825 1609 1896 sibi
1642 1826 1777 1915 purgati
1810 1846 1914 1910 esse,

574 1947 609 2012 δι
633 1938 824 2037 libertatem
852 1927 1058 2014 conservare
1090 1943 1247 2028 vellent,
1279 1944 1448 2036 petiitque
1473 1962 1513 2012 ut
1544 1944 1611 2016 sibi
1644 1967 1764 2016 mutuo
1794 1945 1913 2014 daren-

575 2077 631 2130 tur
661 2055 808 2130 ducenta
834 2081 941 2152 usque
972 2060 1079 2132 millia
1111 2044 1285 2134 nummum
1318 2077 1521 2147 aureorum,
1547 2083 1652 2154 utque
1691 2065 1726 2134 in
1758 2079 1914 2150 potesta·

575 2193 610 2244 te
638 2197 702 2248 sua
733 2198 848 2250 essent
874 2204 972 2253 arces
993 2183 1175 2276 Sergiam,
1217 2181 1442 2276 Sergianelli,
1480 2182 1741 2266 Retrasanilae,
1773 2179 1913 2250 Liburni

576 2320 616 2366 ac
658 2299 810 2372 Pinarum
836 2352 847 2387 ,
870 2323 954 2392 quas
994 2325 1032 2372 se
1086 2303 1321 2375 restituturum
1362 2306 1582 2396 spopondit,
1617 2301 1773 2374 consecto
1823 2297 1913 2370 bello

577 2417 827 2508 Neapolitano.
849 2423 958 2494 Cessit
991 2421 1083 2494 illius
1121 2424 1414 2513 postulationibus
1455 2427 1575 2496 Petrus
1599 2469 1610 2504 ‚
1631 2441 1741 2512 neque
1783 2419 1914 2490 diutins

575 2539 665 2626 apud
704 2541 828 2633 Regem
865 2560 1017 2616 moratus
1051 2559 1104 2611 est
1131 2593 1141 2630 ,
1171 2568 1273 2635 quam
1324 2545 1508 2615 necessitas
1550 2541 1760 2649 urbaparum
1800 2559 1915 2608 rerum

574 2662 644 2749 pati
678 2660 883 2733 videbatur.
915 2663 977 2732 His
1017 2664 1119 2734 rebus
1159 2663 1364 2734 Florentiam
1403 2663 1607 2745 nunciatis,
1634 2677 1837 2730 exarserunt
1868 2657 1914 2730 ci·

573 2801 634 2850 ves
660 2767 894 2856 iracundia&
927 2783 1131 2876 stomacho,
1171 2787 1265 2878 quod
1304 2783 1523 2855 conditiones
1548 2779 1805 2874 iniquissimas,
1840 2797 1924 2846 non'

573 2899 673 2971 modo
705 2925 775 2976 non
804 2903 1021 2998 jubentibus,
1049 2906 1109 2976 sed
1135 2905 1239 2976 etiarn
1262 2903 1489 2979 inscientibus
1521 2901 1626 2990 ipsis,
1651 2901 1771 2972 Petrus
1807 2917 1912 2966 acce·

572 3017 699 3105 pisset,
721 3021 836 3114 itaque
865 3044 1050 3112 praeeunte
1074 3025 1260 3112 Francis'co
1285 3021 1449 3107 Valorio,
1476 3019 1551 3090 viro
1580 3016 1678 3088 annis
1702 3013 1910 3106 ingenioque

497 3159 500 3166 '
569 3143 692 3234 gravi,
725 3143 870 3214 consilia
898 3143 993 3214 ‘inire
1029 3160 1215 3236 coeperunt
1244 3144 1286 3214 de
1306 3141 1559 3224 ,commutando
1599 3133 1803 3236 reipublicae
1834 3143 1910 3202 'sta-

571 3279 638 3346 tu,
681 3261 835 3335 dolentes
872 3265 1091 3338 vehementer
1139 3267 1351 3352 civitatem,
1393 3284 1499 3352 quae·
1525 3259 1706 3354 quondam·
1749 3255 1798 3348 ita
1845 3277 1914 3325 va-

569 3375 646 3450 lens
675 3386 710 3453 ur
739 3382 834 3454 firma
862 3381 1008 3470 fuerat,
1033 3402 1073 3454 ut
1111 3386 1350 3474 potentiorum
1376 3383 1544 3470 impetus,
1579 3377 1822 3470 negligentiam
1858 3378 1916 3446 Se*

562 3519 701 3586 natus,
731 3505 766 3573 br
802 3501 944 3593 injurias
991 3502 1120 3575 civium
1158 3503 1249 3575 serre
1286 3507 1474 3605 potuerit,
1500 3501 1536 3570 in
1561 3498 1713 3590 ,iuvenis
1756 3493 1912 3566 innixam

566 3613 718 3692 humeris
758 3621 802 3692 ad
834 3622 1009 3718 interitum
1048 3645 1154 3718 atque
1197 3647 1361 3710 occasunt
1400 3617 1699 3718 appropinquare,
1733 3613 1827 3704 ql¹0d
1870 3633 1919 3684 ⁶⁰

568 3740 711 3834 gravius
764 3739 1010 3814 vindicandum
1048 3763 1281 3829 statuerunt,
1316 3763 1387 3833 guo
1419 3738 1619 3830 dilige.ntius
1665 3734 1706 3808 in
1743 3730 1918 3822 leliquum

570 3879 706 3951 tempus
743 3861 885 3932 libertas
926 3886 946 3933 a
986 3863 1143 3950 tyrannis
1186 3878 1475 3934 conservaretur.
1511 3855 1658 3930 Rediens
1692 3851 1729 3930 in
1761 3842 1912 3942 patriam

466 3999 472 4008 ·
575 3977 720 4064 Petrus,
741 4003 818 4050 cum
849 4004 1004 4072 magnam
1034 3983 1257 4074 voluntatum
1291 3976 1597 4068 commutationem
1625 3971 1681 4046 vel
1712 3971 1749 4042 in
1784 3969 1827 4042 iis
1848 3970 1920 4040 ia·

573 4081 661 4168 Ram
684 4081 792 4172 fuisse
815 4105 991 4184 novisset,
1015 4125 1103 4193 qnos
1131 4073 1194 4192 ilbi
1210 4099 1285 4170 fore
1308 4099 1436 4186 amicos
1464 4113 1686 4187 speraverat,
1707 4100 1745 4166 bt.
1767 4091 1923 4175 clamore·

530 4235 533 4242 ’
573 4222 827 4314 renuntioque
850 4215 988 4312 j'aclarus
1015 4227 1055 4294 ab
1072 4226 1296 4314 iptassuria,
1320 4240 1388 4312 qno
1414 4216 1804 4307 veneratgestorum&
1830 4232 1912 4280 con·

571 4317 728 4414 tiliorum
739 4363 878 4436 suorum
903 4343 1074 4436 rationem
1096 4344 1301 4428 redditurus,
1326 4336 1518 4428 prohibitus
1545 4335 1704 4416 suissset,
1722 4331 1822 4402 rebus
1841 4329 1916 4400 stris

576 4461 689 4548 coepit
711 4457 908 4548 desperare.
932 4463 1052 4550 Coepit
1088 4461 1187 4531 ctiam
1213 4457 1426 4560 turnultuari
1447 4453 1568 4544 plebs,
1601 4475 1648 4543 er
1680 4471 1751 4540 qno
1790 4457 1932 4518 rumun

579 4579 715 4667 sparsus
741 4577 813 4648 est·
831 4557 1022 4652 ⁸adventare
1051 4579 1089 4650 iu
1126 4578 1242 4652 urbem
1274 4573 1442 4647 Paullum
1462 4571 1637 4648 Ursiuiutu
1671 4591 1751 4655 cum
1785 4585 1909 4660 magna

1103 4787 1115 4818 l
