4372 5842
382 759 384 764 Ι
674 667 706 739 's'
801 671 816 740 1
913 676 944 746 Τ
1041 677 1071 748 Α
1451 696 1517 772 2¹5

285 883 289 891 ¹
333 791 557 866 inchoaverat
575 789 683 866 lulius
697 811 738 872 Η.
758 793 936 866 Bramante
952 797 1111 870 bazoario
1134 798 1317 875 archirebio
1352 799 1442 874 istud
1460 821 1569 906 opus,

240 913 348 986 veteri
371 913 483 1006 diruto
508 911 656 1004 templo,
681 912 741 984 sed
764 913 858 1006 quod
883 915 1098 1006 cupidissime
1123 919 1165 990 ab
1189 918 1247 992 illo
1271 939 1464 1012 susceptum
1497 918 1568 991 fue'·

237 1051 317 1117 tat,
342 1031 522 1125 plurimum
553 1030 804 1120 aperieiiione
840 1031 985 1120 aberat,
1019 1036 1078 1108 vix
1117 1059 1154 1112 ut
1190 1039 1412 1113 fundamenta
1447 1039 1565 1133 jecisse

236 1153 431 1224 videretur.
455 1151 656 1225 Cenandum
682 1151 717 1224 id
741 1153 874 1243 putavit
899 1157 988 1236 Leo,
1013 1179 1119 1245 opera
1143 1182 1224 1232 usus
1244 1159 1423 1248 Raphaeiis
1442 1157 1569 1232 Sandii

191 1367 194 1374 Ι
237 1271 555 1365 Urbinatis,1quern
579 1271 725 1342 moriens
750 1275 909 1346 Bramans
932 1276 1083 1348 omnium
1109 1277 1319 1366 aptissimum
1344 1301 1418 1349 esse
1443 1278 1574 1368 praedi·

236 1412 391 1490 cauerat.
417 1393 587 1471 litterae,
613 1415 698 1485 quas
722 1393 864 1464 adeum
889 1393 1004 1479 dedit,
1027 1393 1150 1488 dignae
1173 1394 1307 1488 quidem
1343 1376 1445 1483 sunt,
1482 1389 1571 1489 qnae

130 1571 133 1577 .
236 1509 408 1618 hocloco
432 1513 687 1596 exscribantur,
712 1511 805 1604 quod
837 1512 1010 1587 declarant
1045 1535 1175 1608 quanto
1215 1515 1251 1587 in
1288 1517 1397 1608 pretio
1431 1517 1572 1588 haberet

235 1635 304 1706 Leo
328 1632 499 1706 hominem
524 1655 628 1724 prope
652 1633 834 1719 divinum,
857 1656 958 1728 quem
983 1636 1099 1708 multis
1127 1638 1163 1708 in
1188 1637 1287 1710 rebus
1330 1637 1373 1710 ad
1405 1633 1510 1708 decus
1536 1639 1570 1707 bc

239 1773 475 1828 ornamentum
499 1753 598 1824 Urbis
624 1753 799 1824 adhibuit.
823 1757 908 1834 Sunt
933 1775 1046 1826 autem
1070 1759 1287 1851 hujusmodi.
1327 1759 1405 1826 Cum
1437 1774 1575 1852 praeter

203 1909 204 1912 ¹
235 1874 385 1973 piclurae
409 1891 538 1963 anem,
564 1877 680 1971 quain
703 1892 773 1947 arte
798 1871 1011 1948 teercellere
1036 1897 1148 1948 omnes
1170 1876 1320 1948 domines
1356 1874 1583 1970 intelligunt,

241 2001 271 2070 is
293 2019 316 2088 a
338 1997 521 2073 Bramunte
541 1992 713 2066 arabiterio
739 1996 835 2067 etiam
860 1996 895 2066 in
918 1997 1149 2069 construendis
1173 1996 1310 2068 aedibus
1345 2019 1389 2069 es·
1417 1995 1575 2078 babitus,

240 2135 280 2193 ut
303 2116 363 2190 tibi
388 2115 445 2188 ille
469 2111 552 2189 rede
576 2113 751 2206 Principis
775 2114 1006 2211 Apostolorum
1031 2115 1143 2210 templi
1169 2117 1313 2188 Romani
1337 2139 1357 2188 u
1380 2141 1417 2189 se
1438 2116 1575 2190 inclina·

242 2235 550 2327 tiaedificationem
575 2234 731 2308 committi
751 2255 853 2328 posse
878 2235 1019 2308 moriens
1044 2239 1309 2324 existimaverit,
1335 2237 1432 2333 idque
1454 2253 1490 2306 tu
1516 2257 1576 2306 mo·

243 2356 318 2446 bis,
339 2357 450 2450 formu
475 2357 547 2449 ejvs
571 2353 685 2449 templi
708 2355 879 2448 consede,
903 2379 988 2453 quae
1012 2355 1281 2442 desiderabatur,
1305 2359 1471 2454 totiusque
1493 2379 1578 2451 ope*

121 2573 126 2584 1
245 2481 292 2552 tis
317 2479 445 2550 ratione
468 2477 619 2560 traditu,
642 2475 732 2548 doale
755 2493 854 2572 atqve
887 2476 1018 2552 abunde
1053 2479 1251 2574 probaveris
1287 2485 1308 2540 ··'
1337 2502 1426 2564 nos,
1458 2475 1579 2574 quibus

245 2597 333 2672 nibil
355 2616 405 2690 est
423 2619 531 2694 prope
553 2597 747 2692 antiquius,
774 2621 870 2694 quam
900 2615 937 2669 ut
955 2599 1108 2692 pbunurn
1142 2600 1181 2686 id
1201 2623 1298 2695 quam
1324 2595 1581 2695 magnificentis-

193 2759 197 2762 ·
245 2720 327 2792 sime
348 2769 359 2804 ,
383 2706 545 2815 quamque
578 2715 744 2790 celerrime
776 2705 1019 2807 couniuntur,
1059 2738 1092 2792 te
1133 2722 1324 2816 magistrum
1358 2723 1429 2813 ejus
1468 2721 1611 2814 operisv

236 2839 385 2932 facimus
409 2859 483 2910 sum
507 2839 673 2933 stipendia
696 2860 861 2910 nummum
887 2861 1061 2913 aureorum
1077 2857 1293 2912 trecentorum
1309 2837 1369 2910 rili
1391 2841 1490 2910 aunis
1511 2841 1583 2911 sin·

242 2957 335 3052 gulis
358 2958 577 3030 curandorum
603 2981 625 3030 a
649 2960 772 3032 nastris
794 2961 1039 3054 pecuniarum.
1068 2981 1131 3056 que
1162 2958 1208 3030 ad
1230 2959 1302 3051 ejus
1320 2957 1432 3052 pleoni
1456 2953 1579 3049 aedifi-

244 3081 408 3154 cationem
430 3095 645 3176 erogaretur,
678 3078 723 3150 ad
743 3100 870 3175 nosque
890 3078 1109 3174 perferuntur
1133 3132 1144 3166 ,
1179 3079 1346 3174 magistris
1370 3129 1382 3164 ,
1415 3098 1437 3148 a
1461 3073 1581 3173 quibus

246 3201 283 3275 id
304 3200 505 3298 stipendium
529 3199 643 3296 aequis
663 3220 730 3296 pra
754 3217 898 3294 tempore
917 3198 1129 3294 portionibus
1165 3199 1237 3271 dari
1262 3198 1344 3288 tibi,
1378 3220 1451 3269 cum
1473 3196 1583 3292 petie·

247 3324 317 3408 ris,
342 3323 416 3396 sine
440 3323 653 3398 mainerium
677 3318 843 3392 mensibus
867 3320 1009 3416 singulis
1030 3318 1150 3413 jubeo.
1179 3321 1230 3394 Te
1256 3339 1338 3392 vero
1361 3317 1475 3391 donor
1500 3369 1510 3402 ,
1543 3333 1582 3388 ut

246 3443 352 3538 liuius
376 3445 522 3518 muueris
543 3463 656 3514 curum
681 3442 729 3512 ita
750 3441 934 3534 suscipias,
957 3457 996 3512 ut
1011 3442 1046 3512 r'n
1061 3463 1099 3514 eo
1119 3441 1303 3514 exercendo
1324 3461 1398 3511 cum
1415 3439 1585 3512 existima·

247 3567 348 3640 tionis
374 3583 451 3638 tuae
474 3585 515 3636 aa
539 3561 705 3646 nominis,
729 3579 867 3655 quvmm
892 3543 1020 3656 quidem
1038 3562 1073 3631 in
1096 3559 1238 3654 juvenili
1254 3548 1362 3634 actore
1386 3559 1474 3632 bona
1493 3557 1584 3651 surr-

247 3688 403 3762 tlauremta
423 3687 533 3777 jacere
557 3701 590 3757 te
613 3697 768 3778 oportet,
791 3697 859 3752 nrm
882 3681 954 3776 spei
983 3683 1023 3754 de
1048 3698 1080 3754 te
1102 3699 1259 3768 nostrae,
1291 3697 1517 3784 putemusque
1546 3680 1587 3772 ip

247 3821 282 3882 te
305 3804 584 3892 benevolentiae,
609 3803 736 3876 dentum
761 3801 859 3875 etium
879 3800 1011 3898 plsami,
1043 3801 1133 3896 quod
1155 3802 1190 3871 in
1214 3815 1282 3872 tora
1305 3799 1383 3872 urbe
1421 3817 1583 3872 tutorum
1644 3814 1648 3822 ·

252 3927 352 4022 longe
373 3927 518 3998 amnium
541 3925 718 3997 niaximum
742 3940 840 4019 atque
863 3921 1106 3994 candissimum
1130 3941 1262 4016 semper
1275 3919 1369 4012 ficit,
1408 3919 1583 4013 dignitatis

251 4042 285 4120 b
310 4045 540 4131 celebritatis,
565 4039 597 4115 dr
620 4045 657 4116 im
683 4045 790 4139 ipsum
816 4039 1011 4138 Principem
1035 4040 1269 4136 Apostolorum
1290 4037 1420 4110 debitae
1441 4060 1462 4106 a
1487 4033 1583 4110 nabis

251 4168 389 4261 pietatis
414 4167 571 4248 rationem
596 4160 754 4236 babuisse
776 4162 929 4236 videare.
953 4162 1040 4234 Dat.
1076 4160 1154 4232 Kal.
1190 4163 1278 4255 Aug.
1303 4159 1406 4229 Anno
1430 4157 1482 4230 II.
1509 4156 1591 4228 Ilo-

247 4309 301 4362 mtt
333 4285 439 4374 (rat)
459 4334 469 4356 .
493 4286 697 4378 Quanquam
721 4279 871 4369 Raphael
895 4283 931 4352 iu
953 4282 1154 4374 exequendo
1193 4281 1259 4350 boc
1296 4275 1458 4350 mandmo
1492 4299 1585 4346 nun·

251 4413 451 4500 quemdem
476 4423 555 4476 ante
580 4401 701 4474 oculos
724 4399 885 4476 hebuerit
909 4401 1097 4472 sermome
1133 4399 1311 4474 bramante
1353 4397 1594 4489 propositam,

248 4525 418 4604 nonnulla
442 4542 557 4600 tamen
582 4522 778 4606 immutavit
795 4545 839 4596 ex
862 4521 1006 4598 consilio
1031 4522 1135 4611 ctiam
1156 4517 1282 4593 rulime
1304 4524 1341 4604 bc
1365 4517 1533 4605 Mtorib,
1554 4533 1602 4588 un
