4386 5838
668 665 732 734 ¹32
1050 641 1077 710 t
1124 643 1151 713 E
1199 637 1233 713 0
1280 646 1310 714 N
1356 649 1371 717 i
1420 645 1441 713 S
1514 641 1555 712 X.

616 781 688 834 erat
713 761 798 850 apud
822 784 938 856 qmnes
964 761 1148 834 catholicas
1174 764 1459 856 gentes.Romani
1480 761 1651 832 Pontificis
1689 760 1833 846 nemen,
1871 763 1946 833 tani

617 896 737 972 rusque
763 900 870 951 metus
896 883 1064 953 dirarum.
1089 888 1196 955 Fuere
1219 884 1344 966 etiam,
1371 887 1429 975 qui
1467 885 1706 973 praeoccupari
1743 905 1844 972 posse
1881 883 1947 950 ho·

614 999 737 1098 minem
764 993 927 1094 putarunt
952 1003 1119 1072 honorum
1145 1027 1225 1091 spe,
1251 1006 1342 1094 quod
1369 1004 1395 1073 is
1421 1025 1494 1074 erat
1520 1007 1562 1074 ad
1581 1027 1714 1074 omnem
1730 1001 1945 1070 ambitionem
2006 1049 2010 1058 .

610 1101 920 1211 'propensissimum
944 1123 1118 1215 Quidquid
1145 1143 1256 1194 autem
1272 1123 1452 1194 decernere
1468 1122 1640 1207 libuisset,
1667 1141 1835 1193 maturato
1859 1143 1945 1211 opus
1982 1154 1985 1160 ¹

617 1259 711 1321 erat,
738 1265 779 1311 ne
797 1242 990 1319 ,differendo
1021 1244 1163 1313 remedia
1188 1266 1250 1313 seu
1281 1266 1409 1332 poena,
1434 1267 1495 1312 seu
1521 1244 1684 1314 beneficio
1720 1243 1858 1314 morbus
1892 1242 1948 1312 itt·

616 1380 850 1450 gravesceret.
875 1363 1051 1434 Materiem
1076 1363 1169 1432 dedit
1195 1361 1333 1434 turheri
1360 1365 1679 1451 reprehensionibus
1706 1387 1778 1434 mos
1804 1358 1947 1453 cogendi

618 1483 779 1570 pecunias
800 1505 840 1552 ex
865 1484 991 1563 sacris,
1016 1502 1055 1551 ut
1080 1501 1230 1568 vocant,
1257 1482 1499 1574 indulgentiis,
1524 1508 1593 1575 quo
1618 1483 1784 1554 beneficio
1817 1483 1872 1553 vel
1911 1481 1954 1553 ad

619 1601 901 1674 exaedificandam
927 1605 1018 1684 illam
1044 1605 1311 1694 augustissimam
1338 1605 1534 1674 Vaticanam
1562 1601 1765 1688 Basilicam,
1800 1603 1878 1674 Julii
1913 1605 1954 1675 ll.

621 1721 808 1808 exemplum
833 1746 992 1804 securus,
1018 1721 1073 1792 vel
1102 1723 1142 1792 ad
1169 1722 1255 1792 alios
1280 1742 1433 1812 sumptus
1458 1723 1652 1806 faciendos,
1672 1723 1780 1792 missis
1798 1745 1856 1812 per
1879 1745 1956 1793 onr-

626 1841 682 1909 nia
709 1839 778 1910 fere
805 1863 907 1930 regua
933 1841 1057 1912 litteris
1083 1842 1191 1932 (58),
1227 1843 1372 1914 Leonti
1411 1841 1543 1932 minime
1582 1841 1777 1912 dubitavit.
1816 1845 1956 1912 Ceteros

624 1959 715 2030 inter
740 1953 912 2031 mandavit
939 1963 1077 2032 hiberro
1094 1962 1357 2050 Archiepiscopo
1378 1962 1583 2054 Mogunrino
1599 1963 1632 2027 dt
1648 1961 1925 2051 Magdeburgensi
1943 2013 1955 2050 ,

621 2105 720 2172 quem
744 2081 872 2172 magnis
898 2081 958 2150 sibi
981 2081 1146 2151 beneficiis
1172 2081 1399 2153 obstrinxerat
1425 2080 1587 2166 (veniam
1612 2084 1698 2152 euim
1724 2079 1772 2150 illi
1809 2103 1958 2151 conces·

621 2224 713 2274 serat
739 2220 916 2294 utrunque
942 2204 1077 2294 regendi
1105 2202 1459 2292 Archiepiscopatum,
1484 2222 1691 2294 posteaque,
1716 2223 1804 2270 anno
1829 2198 1959 2272 scilicet

624 2321 1015 2395 noxvrrt.Cardinalem
1041 2323 1202 2413 creavit)
1227 2341 1265 2392 ut
1290 2342 1348 2409 per
1373 2345 1449 2391 curn
1473 2321 1508 2402 in
1531 2323 1710 2392 Germania
1735 2321 1827 2393 fieret
1848 2315 1963 2390 Indul-

622 2441 812 2534 gentiarum
827 2441 1051 2533 promulgatio
1062 2471 1072 2525 ;
1085 2444 1141 2512 hic
1158 2461 1269 2512 autem
1284 2463 1380 2512 suum
1394 2443 1518 2524 decus,
1532 2465 1694 2534 suumque
1718 2442 1887 2531 negotium
1902 2462 1964 2510 re-

515 2653 520 2666 ·
622 2581 746 2654 putans
760 2587 859 2656 quam
884 2562 1063 2633 maximam
1077 2563 1208 2654 argenti
1228 2561 1296 2632 vim
1317 2583 1521 2653 corrogare,
1544 2585 1705 2634 summam
1730 2562 1828 2650 huius
1849 2559 1897 2630 rei
1922 2560 1959 2629 in

625 2685 770 2756 Saxonia
796 2682 1082 2756 administrandae
1109 2679 1261 2771 permisit
1285 2683 1404 2752 loanni
1430 2684 1582 2754 Terzelio
1608 2707 1627 2754 e
1653 2671 1963 2752 Dominicanorum

623 2803 781 2886 familia}
805 2803 865 2896 qui
892 2801 976 2873 nihil
1003 2802 1099 2892 pensi
1133 2825 1279 2894 unquam
1309 2801 1497 2889 habuerat,
1533 2803 1656 2897 quique
1695 2799 1848 2892 populari
1884 2798 1965 2870 elo-

626 2925 765 3018 quentia
789 2925 1007 3018 praestabat.
1033 2925 1139 2996 Pudet
1164 2922 1291 3000 reserre
1322 2947 1409 3014 quae
1445 2922 1517 3010 ipse
1554 2926 1588 2995 bt
1625 2921 1745 3008 dixit,
1781 2927 1814 2993 δι
1855 2919 1965 3008 fecit,

626 3045 726 3140 quasi
748 3044 879 3138 legatus
903 3068 922 3115 e
946 3043 1041 3115 caelo
1064 3045 1184 3114 missus
1210 3042 1332 3134 fuisses
1348 3044 1400 3138 ad
1419 3041 1591 3134 quodlibet
1626 3039 1792 3131 piaculum
1816 3040 1982 3130 expian-,

623 3165 705 3236 dum
730 3183 831 3258 atque
857 3161 1203 3256 purgandum.'Quia
1228 3161 1463 3253 Augustiniaui
1488 3164 1589 3233 adse
1614 3161 1759 3232 maxime
1794 3159 1966 3248 pertinere

551 3280 556 3290 ’
632 3286 885 3356 arbitrabantur
911 3304 1029 3353 munus
1052 3281 1151 3370 huius
1176 3303 1293 3354 sacrae
1317 3281 1516 3375 legationis,
1542 3301 1733 3374 quanquam
1758 3284 1791 3351 a
1816 3276 1892 3349 aliis
1917 3300 1967 3348 re·

628 3401 766 3496 ligiosis
793 3403 929 3474 familiis
960 3402 1197 3473 demandatum
1220 3401 1387 3474 interdum
1411 3400 1561 3484 suisset,
1599 3419 1670 3472 tum
1709 3401 1882 3490 abreptum
1916 3399 1967 3471 in·

627 3525 794 3606 doluere,
821 3522 997 3613 movitque
1020 3521 1203 3592 lutherum
1235 3522 1379 3615 injuria,
1417 3545 1471 3594 res
1514 3523 1668 3595 novandi
1704 3519 1894 3610 cupiditas,
1933 3525 1969 3592 dt

627 3666 707 3733 spes
733 3643 875 3732 creandi
901 3641 1015 3712 odium
1041 3640 1220 3725 Tetzelio,
1246 3643 1488 3736 evertendique
1512 3643 1555 3714 ab
1580 3667 1622 3714 eo
1645 3642 1782 3714 nimium
1813 3638 1970 3712 credulos
2004 3687 2009 3694 ·

629 3761 828 3840 auditores,
851 3783 890 3834 ut
916 3761 1059 3836 clamare
1084 3762 1259 3851 coeperit,
1283 3783 1438 3832 caussam
1462 3761 1611 3853 ingentis
1647 3759 1851 3844 dedecoris,
1890 3783 1971 3829 ma-

629 3879 755 3972 gnique
779 3883 968 3956 detrimenti
1012 3903 1082 3956 tum
1118 3881 1261 3971 publici,
1301 3901 1379 3952 tum
1412 3881 1538 3972 privati
1574 3879 1728 3972 imperita
1762 3877 1970 3971 indulgentis

629 4001 723 4072 haud
748 4004 995 4090 nutriendam,
1020 4003 1279 4094 excitandasque
1304 4019 1432 4072 mentes
1467 4000 1512 4072 ad
1545 4001 1722 4072 delendum
1747 3997 1977 4094 sacerdotalis

629 4120 800 4192 avaritiae
825 4141 1105 4204 monumentum,
1131 4120 1384 4216 prolapsamque
1410 4120 1581 4194 Ecclesiae
1606 4119 1816 4211 disciplinam
1842 4116 1879 4186 in
1901 4137 1971 4197 eo,

630 4244 725 4338 quod
751 4243 897 4330 pertinet
924 4243 968 4311 ad
992 4257 1204 4331 peccatorum
1228 4243 1484 4332 expiationem,
1510 4241 1761 4314 revocandam.
1799 4237 1907 4308 Facile
1941 4235 1971 4306 is

628 4387 664 4463 qn
691 4363 867 4432 Academia
905 4361 1192 4453 Witrembergae,
1218 4363 1253 4435 in
1280 4386 1347 4454 qua
1373 4362 1579 4460 theologiam
1604 4362 1766 4433 docebat.
1793 4371 1972 4449 postquam

627 4481 875 4578 philosophiam
897 4480 1073 4570 professus
1098 4479 1244 4573 fuerat,
1279 4480 1390 4574 plures
1430 4484 1582 4560 invenit-
1601 4503 1735 4556 suarum
1770 4478 1971 4572 opinionum
