4392 5838
1299 777 1304 788 .
1559 707 1630 781 26-

410 826 470 890 lio
489 827 656 898 Poninari,
676 848 693 889 e
712 827 768 889 due
790 825 952 914 Compagni
970 825 1003 901 di
1023 829 1132 892 rien.
1156 831 1301 893 Narratur
1327 829 1396 894 bare
1416 849 1458 894 res
1492 829 1528 893 ab
1553 757 1677 906 Anim-

429 937 494 994 sina
519 933 639 998 Ursinis
658 934 720 1016 ¹ep'as
740 947 851 995 matre.

189 1115 191 1119 ’
247 1227 286 1240 ..
341 1139 420 1218 ns)
619 1161 620 1164 κ
901 1107 1071 1207 rurum.
1094 1148 1137 1208 rr.

614 1247 735 1310 Dilectis
755 1245 823 1310 filiis
844 1246 990 1310 Prioribus
1012 1249 1166 1311 Libertatis
1187 1253 1216 1310 u
1237 1247 1411 1312 vexillifero

791 1351 923 1414 iustitiae
944 1351 1046 1436 Populi
1068 1354 1250 1416 Florentini.

563 1562 669 1623 Diletu
689 1561 758 1625 Filii
775 1605 784 1634 ‚
815 1561 934 1624 aduram
954 1564 982 1621 dt
1003 1561 1191 1644 apostolicam
1211 1559 1459 1627 benedictionem.

387 1755 583 1855 Superioribus
604 1769 703 1833 diebus
724 1791 791 1833 cum
813 1768 991 1832 Marradium
1012 1769 1134 1832 ditionis
1155 1784 1264 1833 restrae
1283 1767 1423 1852 oppidum
1437 1768 1678 1853 pervenissemus.

423 1855 594 1936 divertimus
614 1871 646 1934 in
666 1875 787 1936 domum
808 1874 908 1938 dilebii
928 1870 982 1934 filii
1005 1874 1131 1934 Antonii
1152 1873 1263 1934 Perotii
1283 1873 1319 1933 de
1342 1871 1516 1936 Fabronibus
1531 1915 1541 1942 ‚
1556 1874 1607 1955 qui
1625 1893 1677 1962 pro

425 1975 482 2036 loci
503 1995 589 2058 captu
608 1978 676 2038 satis
706 1979 859 2041 liberaliter
880 1999 934 2040 nos
962 1974 1098 2058 excepit.
1127 1975 1223 2054 Quare
1254 1973 1360 2058 dignus
1389 1976 1473 2037 nobis
1503 1993 1546 2038 est
1577 1977 1679 2046 risus.
1804 1990 1807 1998 '

424 2097 510 2159 quem
531 2078 682 2142 devotioni
703 2100 812 2144 restrae
833 2081 1116 2142 commendaremus.
1139 2077 1327 2163 Cupitis&
1347 2097 1495 2162 posteros.
1523 2079 1678 2162 omniaque

423 2185 452 2238 dt
473 2160 630 2264 piaesentia
653 2189 681 2244 dt
708 2181 802 2244 futura
834 2205 932 2246 eorum
954 2183 1029 2244 bona
1060 2181 1094 2244 ab
1124 2184 1258 2244 omnibus
1294 2181 1527 2267 gravaminibus,
1555 2181 1681 2242 colletiis

423 2281 598 2368 gabellisque
617 2285 727 2346 eximi.
749 2286 839 2366 Quod
869 2288 894 2350 si
925 2305 1024 2349 nostra
1055 2290 1302 2371 contemplatione
1327 2291 1354 2348 ei
1380 2287 1596 2355 concesseritis,
1625 2281 1681 2344 erit

302 2417 307 2432 =
422 2387 504 2451 nobis
525 2386 681 2450 admodum
704 2403 839 2472 gratum,
857 2410 943 2472 prout
962 2393 1068 2454 dilatio
1099 2394 1161 2453 filio
1184 2395 1270 2453 Petro
1301 2392 1452 2458 Francisco
1481 2389 1518 2449 de
1548 2386 1683 2470 Tesignis

421 2491 628 2553 Commissario
649 2511 768 2563 sesua.
790 2496 841 2577 qui
864 2515 917 2556 nos
939 2517 989 2578 per
1009 2495 1108 2555 omnia
1130 2495 1191 2556 loca
1213 2484 1311 2556 restra¹
1327 2493 1534 2577 benignissime
1563 2490 1681 2550 comita·

420 2609 467 2656 tus
488 2613 550 2665 est,
571 2593 717 2657 diximus.
739 2599 848 2658 Datum
872 2599 979 2660 imolae
1002 2601 1122 2659 XXIV.
1141 2599 1245 2660 ottob.
1270 2607 1358 2674 1506.
1387 2592 1498 2656 Pontif.
1518 2594 1612 2655 nostri
1631 2611 1680 2653 ao·

420 2716 460 2758 no
482 2698 537 2758 lll.
558 2701 670 2760 Extant
689 2701 743 2760 bae
763 2701 878 2762 litterae
904 2705 933 2763 irs
974 2703 1114 2764 Vaticano
1139 2696 1295 2764 Tabulario
1316 2701 1379 2762 Lib.
1400 2702 1456 2762 111.
1473 2701 1609 2761 Brevium
1629 2700 1678 2758 lu·

262 2869 269 2882 .
419 2800 455 2860 lii
476 2803 516 2862 11.
535 2821 564 2883 p.
590 2815 648 2876 517·
669 2801 747 2862 Plut.
772 2824 817 2880 39.
837 2823 867 2864 n.
896 2826 947 2878 ²4·
1072 2818 1075 2825 ‘

340 2899 412 2993 (¹5)
434 2905 564 2985 Quantis·
583 2907 738 2968 abundaret
758 2905 874 2969 Graecis
893 2911 1059 2986 praesertim
1082 2910 1181 2977 libris,
1201 2911 1294 2988 iisque
1314 2908 1599 2972 rarissimisloomais
1611 2907 1679 2968 Cor.

426 3009 532 3070 distulis
552 3007 722 3070 bibliotheca
745 3027 842 3071 norror
863 3013 910 3071 Io.
930 3013 1097 3076 franciscus
1118 3015 1204 3074 Pinus
1238 3015 1478 3083 Mirandulaaus‚
1515 3015 1564 3090 qui
1593 3009 1676 3070 iilam

420 3112 602 3190 frequentare
623 3113 754 3174 solebat.
777 3116 905 3176 Examen
927 3115 1013 3176 nou.
1034 3118 1133 3178 Vanis.
1162 3121 1251 3180 Gent.
1271 3141 1300 3202 p.
1325 3138 1412 3192 ¹044·
1434 3117 1519 3196 Quod
1538 3115 1578 3175 ad
1595 3113 1679 3174 Mat·

419 3221 532 3280 ciarram
553 3217 751 3280 bibliothecam
774 3239 793 3278 a
814 3220 925 3281 Ioanne
944 3236 1100 3297 coemptam
1118 3226 1263 3300 pertinet,
1284 3223 1353 3284 batt
1376 3221 1513 3282 Robertus
1547 3221 1583 3278 de
1604 3214 1678 3276 cat·

421 3323 502 3382 liano
522 3322 554 3382 S.
575 3323 671 3386 Marci
694 3325 821 3384 coenobii
843 3324 974 3386 alumnus
1005 3327 1162 3387 memoriae
1191 3328 1354 3387 inundavit.
1384 3327 1476 3386 Anno
1509 3329 1596 3397 1508·
1620 3315 1675 3378 sub

420 3420 546 3503 praelato
568 3427 667 3488 Priore
690 3427 934 3496 (Bartholomoro
956 3429 1119 3490 Faventino
1131 3451 1143 3500 p
1164 3447 1232 3490 carn
1255 3445 1371 3513 propter
1394 3424 1554 3508 ruptarios
1582 3415 1681 3484 aedifi·

419 3524 482 3596 cia,
503 3547 575 3611 quae
596 3529 696 3591 cundia
715 3530 854 3614 impensis
877 3535 1046 3594 Conventus
1070 3531 1199 3594 ertrutia
1220 3551 1303 3602 sunt,
1327 3535 1496 3594 Conventus
1513 3543 1617 3608 magna
1633 3539 1677 3585 ae.

419 3628 459 3688 ris
481 3633 568 3692 alieni
589 3635 749 3715 quantitate
770 3655 952 3720 gravaretur,
972 3644 1001 3698 tt
1022 3635 1178 3696 exolvendi
1197 3652 1311 3718 tempus
1331 3625 1465 3704 instares',
1485 3649 1539 3690 nee
1560 3623 1682 3704 aliunde

417 3733 601 3814 praeberetur
621 3735 760 3810 facultas.
780 3741 971 3802 decreverunt
991 3727 1107 3801 undem
1130 3738 1213 3799 Prior
1242 3743 1269 3797 dt
1294 3739 1393 3798 Patres
1416 3733 1535 3796 disereti
1558 3750 1575 3791 e
1595 3726 1678 3791 nobi.

419 3834 529 3899 lissima
550 3833 754 3902 mediceorum'
769 3842 942 3904 bibliotheca
963 3843 1128 3919 hujusmodi
1149 3842 1284 3924 pecunias
1304 3837 1479 3908 extrahere,
1509 3851 1596 3913 quam
1622 3846 1675 3891 nu·

417 3956 468 4020 per
488 3939 582 4020 pretio
600 3943 691 4003 trium
712 3943 837 4006 millium
862 3949 1040 4007 Ducstorum
1061 3967 1077 4007 a
1098 3944 1229 4028 syndicis
1253 3943 1430 4000 nabslliuur,
1451 3948 1485 3992 ¹¹t
1509 3950 1593 4014 σιιΡη
1613 3947 1673 3992 ¹¹¹⁹·

417 4041 573 4111 minimas,
595 4064 810 4125 comparaverat
830 4049 998 4108 conventus
1020 4063 1140 4110 noster,
1170 4046 1199 4099 tr
1230 4055 1283 4118 pro
1311 4053 1369 4115 qus
1393 4033 1535 4115 plurimos
1564 4033 1675 4094 laboret

362 4157 364 4160 ’
418 4145 530 4234 Fratres
550 4145 709 4216 subierant,
734 4139 822 4228 quam
843 4169 911 4209 cum
932 4151 1025 4208 limus
1047 4149 1085 4207 D.
1108 4141 1253 4203 Dominus
1270 4139 1393 4198 loannes
1416 4137 1545 4200 Medices
1572 4137 1674 4222 Magni

417 4245 566 4322 Laurentii
585 4244 662 4306 filius
679 4289 689 4316 ,
709 4253 737 4307 dt
757 4251 786 4309 S.
805 4249 843 4308 R.
863 4250 896 4316 E.
922 4249 1103 4316 cardinalis,
1138 4250 1219 4321 cujus
1254 4260 1346 4325 nuper
1374 4257 1490 4326 paterna
1517 4241 1676 4305 baereditas

399 4339 528 4418 'fueram
549 4362 712 4430 recuperare
732 4344 1055 4430 plurimuminbiaret,
1084 4350 1140 4433 ipsi
1171 4345 1207 4410 de
1238 4345 1425 4432 permissione
1457 4343 1675 4408 nominationis

418 4448 600 4512 Placentinae
620 4453 824 4516 venundarunt
843 4455 937 4536 pretio
957 4493 966 4514 .
988 4495 996 4512 ·
1018 4495 1026 4514 .
1048 4495 1056 4514 .
1076 4453 1268 4523 ducatorum,
1291 4468 1376 4536 atque
1398 4451 1432 4522 in
1454 4449 1530 4512 bunc
1546 4450 1678 4512 modum

416 4554 599 4626 bibliotheca
618 4555 670 4617 illa
690 4559 815 4620 Romam
836 4557 873 4618 ad
893 4558 989 4641 ipsum
1010 4559 1122 4620 Rnlum
1144 4555 1305 4618 Dominum
1333 4548 1517 4620 cardinalem
1538 4551 1675 4626 mutila,

421 4657 457 4719 de
477 4659 580 4744 quibus
598 4659 632 4723 in
652 4659 719 4726 abiis
737 4659 822 4746 bajus
843 4665 1014 4730 Contentus
1033 4661 1149 4751 plenius
1170 4668 1198 4723 tt
1220 4663 1323 4728 clarius
1351 4661 1519 4726 continetur
1535 4699 1548 4725 .
1564 4661 1676 4724 Ceteros
