4372 5842
1482 418 1492 469 l

516 640 688 730 Δ176·
878 627 1507 708 .leorvtsx.

610 767 628 848 Ἰ
660 757 777 846 Neque
810 755 922 828 minos
957 753 1139 826 liberaliter
1177 754 1264 826 fovit
1290 755 1325 823 in
1349 751 1472 822 Iacobo
1508 743 1667 824 Sadolcto
1706 747 1896 822 divinarum

558 874 753 946 'litterarum
777 876 890 944 studia
914 928 924 960 ,
950 895 1092 968 quorum
1127 869 1256 946 fruc'lus
1281 874 1308 942 is
1333 891 1459 962 postea¹
1478 869 1585 941 edidit
1611 869 1796 940 uberrimos
1820 893 1834 951 ,·
1871 873 1906 938 δι

569 995 665 1086 quod
687 993 810 1066 talibus
836 993 1027 1063 hominibus
1055 993 1123 1076 ‚in
1148 993 1269 1084 quibus
1297 995 1403 1061 mirus
1418 1010 1492 1062 erat
1517 989 1687 1061 dodlr'mae
1707 1007 1808 1077 atque
1835 1007 1907 1054 mo·

533 1171 536 1176 -
563 1139 642 1188 rum
670 1113 886 1184 innocentiae
909 1109 1165 1202 sanctitatisque
1187 1112 1284 1208 quasi
1321 1132 1507 1184 concentus
1536 1131 1815 1200 consensusque,
1840 1131 1912 1178 rna·

571 1237 661 1305 xime
683 1257 783 1326 egere
808 1232 1017 1304 Catholicam
1054 1229 1273 1318 Ecclesiam,
1307 1233 1388 1303 dum
1418 1223 1666 1303 haereticorum
1708 1249 1907 1318 tempestate

572 1351 812 1447 ja'dla'batur&
830 1353 1019 1442 fluctibus,
1048 1353 1282 1446 intelligebat,
1313 1355 1420 1443 ipsum
1447 1352 1803 1442 Carpentoradlensem
1830 1351 1910 1440 Epi·
1944 1395 1947 1402 -

571 1495 712 1562 scopum
740 1476 866 1546 creavit
892 1496 934 1544 eo
960 1493 1140 1564 tempore,
1167 1497 1235 1565 quo
1261 1475 1369 1546 Roma
1394 1472 1508 1544 aberat
1533 1527 1543 1559 ,
1569 1475 1702 1543 voti&
1728 1470 1906 1564 religionis

571 1612 689 1662 caussa
715 1594 756 1663 ad
782 1593 992 1665 Lauretanae
1017 1595 1164 1684 Virginis
1190 1595 1350 1685 templum
1376 1594 1661 1684 prosedamum
1685 1593 1768 1663 sivit
1793 1612 1907 1672 tamen

568 1732 708 1786 ⁴tautum
733 1715 841 1787 virum
867 1737 886 1782 a
911 1737 956 1818 se⁶
972 1713 1144 1785 discedere
1167 1767 1178 1802 ,
1204 1717 1298 1807 cujus
1323 1740 1427 1806 opera
1450 1717 1514 1788 sibi
1538 1737 1668 1806 semper
1694 1713 1807 1785 fuerat
1829 1713 1909 1785 fru-

506 1911 507 1915 Ἰ
574 1830 1012 1914 Εἱᾱοεῑςεὶιτια,ηεεεεεπῑα
1036 1837 1161 1922 etiam,
1188 1853 1377 1926 postquam,
1394 1837 1517 1906 Bembo
1544 1835 1749 1907 valetudinis
1776 1858 1908 1912 curan·-

575 1955 642 2026 ‹lae
665 1957 773 2045 gratia
798 1956 933 2033 veniam
956 1954 1097 2026 dedeiat
1122 1957 1294 2026 Patavium
1330 1956 1536 2028 concedendi
1560 1953 1642 2048 (92)
1669 2007 1677 2024 .
1703 1958 1792 2026 Dum
1827 1977 1912 2027 vero

577 2075 718 2145 lacobus
759 2075 927 2165 optimum
952 2081 985 2147 bt
1009 2077 1231 2169 justissimum
1249 2076 1444 2168 Principem
1471 2076 1646 2168 ,ejusque
1673 2078 1708 2146 in
1733 2099 1768 2148 se
1794 2075 1914 2147 libera·

571 2194 740 2264 lissimum
766 2197 911 2266 animum
937 2197 973 2266 in
998 2195 1128 2268 caelum
1150 2196 1310 2268 ellerebat
1340 2242 1352 2276 ‚
1376 2197 1508 2266 minime
1535 2219 1570 2266 se
1596 2196 1770 2266 continere
1806 2215 1911 2285 pote-

579 2332 636 2384 rat
663 2365 673 2396 ,
699 2315 780 2405 quin
814 2315 981 2386 interdum
1007 2315 1242 2388 exclamaret:
1268 2315 1453 2406 cujusmodi
1480 2319 1580 2390 ceteri
1604 2313 1771 2389 ordines?
1797 2317 1912 2406 cujus·

479 2455 481 2462 ’
582 2434 670 2504 arodi
696 2431 884 2528 tempora?
910 2435 968 2528 qui
993 2435 1160 2506 lominum
1195 2458 1300 2508 mores
1331 2433 1354 2506 Ρ
1379 2455 1505 2532 quanta
1529 2435 1688 2508 bonorum
1706 2436 1864 2532 paucitas
1888 2429 1912 2504 ,Ρ

585 2553 718 2644 Quibus
743 2552 836 2624 diclis
862 2552 999 2626 volebat
1024 2555 1129 2630 bomo
1154 2552 1385 2628 sanciissimus
1410 2559 1487 2627 hoc·
1504 2556 1755 2650 intelligi,n0n
1773 2579 1914 2644 omnes,

580 2676 644 2765 qui
667 2679 701 2746 bt
727 2673 904 2758 honores,
928 2678 962 2744 δι
989 2675 1169 2764 pecuniam
1194 2678 1393 2766 &gratiam
1420 2681 1598 2750 consecuti
1623 2680 1756 2750 fuerant
1779 2704 1800 2749 a
1823 2683 1916 2750 Pon·

580 2793 671 2863 tifice
694 2843 705 2875 ,
730 2816 767 2863 se
802 2794 854 2863 his
878 2795 1050 2867 beneficiis¹
1073 2795 1197 2887 dignos
1223 2797 1429 2886 praestitisse
1465 2848 1476 2880 ,
1514 2801 1637 2890 quippe
1662 2801 1720 2890 qui
1746 2799 1816 2870 fere
1844 2800 1917 2891 qui·

581 2913 648 2986 *bus
666 2912 827 2986 frudlbus
854 2915 944 3014 aucti
966 2933 1080 2986 essent
1106 2937 1211 2984 unum
1233 2915 1454 3006 cogitabant,
1480 2939 1593 2990 cetera
1617 2945 1821 3014 magnopere
1846 2947 1916 2994 non

589 3032 787 3120 apellabant'
810 3084 818 3100 .
844 3037 934 3104 Dum
960 3053 1073 3104 autem
1096 3033 1290 3106 incurrebat
1316 3037 1351 3106 in
1378 3040 1572 3111 memoriam
1596 3064 1738 3127 eorum,
1773 3065 1917 3135 quorum

561 3152 564 3158 ’
592 3159 912 3246 unumquemque&
935 3154 1073 3243 propria
1097 3153 1203 3242 ipsius
1218 3155 1342 3242 virtus,
1355 3161 1389 3228 δι
1409 3162 1593 3231 communis
1609 3161 1806 3234 cundlorurn
1824 3188 1919 3254 prae·

587 3269 716 3346 dicatio
751 3267 1039 3366 commendabat,
1072 3276 1198 3367 quique
1233 3277 1374 3346 Romam
1397 3280 1483 3364 moti
1508 3281 1678 3368 praeclara
1702 3281 1793 3354 fama
1833 3287 1919 3354 Leo·

586 3390 639 3458 nis
666 3409 740 3460 tota
762 3390 860 3460 ltalia
886 3377 1152 3480 convenerant,
1183 3393 1330 3487 dumque
1363 3399 1537 3487 repetebat
1577 3403 1689 3472 animo
1727 3401 1921 3472 deledlatio·

589 3531 648 3578 nes
674 3511 939 3596 conviviorum,
964 3533 1048 3602 quas
1073 3535 1142 3582 non
1168 3517 1318 3606 corporis
1342 3518 1599 3609 voluptatibus,
1625 3522 1683 3592 sed
1704 3542 1805 3594 coetu
1827 3524 1920 3595 ami-

592 3650 737 3710 corum,
777 3611 1055 3723 sermonibusque
1077 3635 1280 3707 metiebatur
1304 3689 1315 3723 ,
1340 3637 1481 3711 dulciter
1507 3644 1537 3706 δι
1562 3641 1709 3732 jucunde
1741 3666 1778 3714 se
1820 3665 1920 3712 com-

590 3749 721 3818 moveri
747 3750 955 3820 affirmabat.
980 3751 1092 3838 Loca,
1119 3753 1153 3822 in
1178 3756 1298 3844 quibus
1325 3757 1350 3826 ii
1375 3759 1496 3828 summi
1522 3761 1587 3832 viri
1612 3784 1710 3853 agere
1729 3783 1939 3836 conventus-

592 3866 770 3953 solebant,
793 3887 890 3938 erant
916 3869 971 3942 vel
988 3859 1023 3940 in
1039 3872 1159 3962 Angeli
1183 3873 1311 3946 Colotii
1333 3878 1534 3951 suburbanis
1559 3882 1669 3954 hortis
1684 3935 1694 3967 ,
1711 3883 1765 3954 vel
1792 3885 1828 3954 in
1854 3888 1922 3972 Ty·

592 3987 682 4058 beris
707 3988 781 4078 ripa
803 3987 849 4058 ad
874 3981 1052 4075 Herculis,
1076 3989 1131 4062 vel
1153 3991 1188 4061 in
1213 3994 1313 4064 Circo
1339 3999 1512 4082 Maximo,
1537 4003 1660 4093 quibus
1685 4003 1720 4072 in
1737 4000 1822 4073 locis
1844 4021 1922 4093 post

592 4104 771 4181 familiares
794 4108 910 4200 epulas
931 4134 1000 4181 non
1022 4131 1091 4182 tam
1104 4111 1248 4203 cupedia
1272 4113 1378 4188 multa
1404 4119 1560 4192 conditas
1581 4175 1591 4206 ,
1609 4145 1709 4213 quam
1734 4123 1849 4194 multis
1870 4125 1925 4196 sa·

591 4219 680 4300 libus
700 4267 726 4312 ·,
761 4247 821 4299 aut
870 4251 1025 4321 poemata
1061 4232 1294 4304 recitabantur
1332 4290 1342 4323 ,
1387 4259 1446 4308 aut
1490 4243 1663 4312 orationes
1708 4241 1947 4332 pronuncia·'

589 4341 752 4432 bantur,
776 4369 833 4419 aot
861 4353 1055 4440 propositae
1079 4355 1295 4445 quaestiones
1320 4355 1621 4447 dissolvebantur.
1648 4361 1841 4449 Recordor,
1865 4365 1921 4432 in·

590 4463 669 4566 (quat
689 4463 744 4542 ille
762 4467 809 4542 ad
830 4467 1003 4545 Colotium
1029 4475 1139 4566 ipsum
1173 4475 1434 4568 Carpentorate
1462 4501 1516 4551 an.
1545 4465 1720 4556 uuxatx.
1743 4481 1921 4567 scribens,

1775 4597 1876 4682 pres·
