4372 5842
682 685 714 752 't'
800 682 824 773 ,1
921 687 953 754 Τ
1049 682 1099 752 Α-
1474 680 1548 767 tby-

265 799 439 892 impedivit
465 801 644 895 singularis
679 803 839 895 quiedam
875 803 917 872 ab
943 823 984 872 eo
1021 819 1159 890 accepta
1191 797 1372 876 calamitas.
1390 793 1500 886 (86);
1525 823 1618 886 uec¹

265 925 428 1006 dubium,
451 924 534 1016 quin
553 923 614 993 --illa
639 925 799 994 suasisset
825 922 1008 1006 Pontifici,
1032 922 1150 1012 quibus
1176 922 1205 992 si
1243 924 1429 1010 paruisset,
1454 921 1590 1010 'impen-

268 1043 401 1115 dentem
418 1043 606 1134 'perniciem
623 1024 768 1112 fortasse
795 1067 814 1112 a
844 1044 925 1130 Rep.
950 1041 1116 1130 repellere.
1132 1042 1326 1132 potuisset.
1362 1042 1447 1110 Sane
1489 1039 1589 1115 mini·

192 1234 199 1247 ,
267 1185 320 1233 me
345 1164 575 1254 permisisset,
601 1181 641 1232 ut
667 1161 814 1263 faceret,
831 1185 927 1252 quae
948 1160 1050 1231 vellet
1074 1159 1294 1244 Laurentius,
1314 1183 1398 1238 nec,
1427 1157 1484 1228 illo
1505 1182 1592 1228 mor·

266 1301 352 1368 tuo,
377 1267 445 1353 rem
471 1301 577 1354 totam
603 1281 797 1354 tradidisset
822 1287 854 1352 δι
880 1279 1104 1350 concessisset
1131 1277 1300 1350 uoluntati
1324 1277 1401 1350 Julii
1425 1276 1593 1347 Cardina-

263 1400 329 1490 lis,
351 1403 410 1496 qui
434 1427 564 1494 semper
589 1425 630 1475 eo
657 1400 753 1474 tradli
779 1401 940 1487 fuerunt,
974 1425 1044 1492 quo
1069 1398 1186 1470 libido
1223 1398 1419 1472 dominandi
1455 1397 1591 1486 rapuit.

258 1525 491 1596 Exhibuerunt
518 1523 673 1594 Pontifici
706 1520 918 1611 exemplum,
946 1520 1038 1612 quod
1062 1520 1275 1602 imitaretur,
1300 1517 1455 1590 Nicolaus
1492 1515 1592 1586 Valo·

261 1643 353 1729 rius,
379 1652 412 1716 δι
436 1645 624 1734 Stephanus
648 1645 834 1732 Sterponus
860 1641 1058 1724 Pisciensis,
1084 1641 1141 1732 qui
1165 1638 1378 1733 Philoponus
1403 1636 1594 1726 appellaba·

198 1755 202 1763 ’
270 1781 356 1849 tur,
402 1787 485 1834 cum
524 1763 694 1833 Laurentii
742 1763 845 1850 patris
884 1761 988 1834 vitam
1015 1758 1156 1852 quilibet
1190 1759 1411 1848 eorumipsi
1458 1777 1597 1824 nuncu-

267 1903 383 1976 passet
417 1881 526 1974 (82).
561 1885 667 1952 Nemo
691 1883 782 1950 enim
807 1903 878 1948 non
914 1882 1010 1950 novit
1046 1879 1343 1958 moderationem,
1381 1873 1593 1964 prudentiam
1645 1941 1648 1948 ,

266 2005 300 2072 &
326 2003 554 2074 constantiam
579 2003 666 2071 tanti
691 2001 756 2072 viri
788 2001 823 2070 in
855 1997 1091 2091 gubernaculis
1126 1997 1341 2088 Reipublicae
1385 1993 1593 2066 tradlandis·

264 2120 439 2192 Praeclare
473 2120 608 2212 quidem
643 2118 789 2188 faciebat
812 2121 906 2204 Leo,
932 2142 1009 2190 cum
1034 2116 1250 2188 Florentinos
1282 2139 1362 2186 suos
1386 2117 1537 2205 praemiis
1562 2119 1597 2186 dr

270 2242 441 2332 promissis
467 2239 689 2324 stimulabat,
712 2257 751 2308 ut
774 2237 905 2308 laudem
931 2245 964 2308 ur
989 2237 1149 2329 gloriam,
1173 2261 1273 2328 quam
1296 2237 1360 2306 sibi
1384 2259 1464 2326 prae
1489 2234 1598 2304 omni·

271 2365 334 2434 bus
358 2361 512 2452 gentibus
539 2381 820 2447 comparaverant
846 2359 881 2428 iu
906 2356 1102 2428 excolendis
1128 2355 1271 2438 litteris,
1304 2356 1510 2426 retinerent.
1548 2357 1599 2424 Ex

269 2484 308 2554 iis
332 2486 506 2552 Donatum
529 2479 684 2564 polium,
710 2479 745 2548 in
770 2501 838 2570 quo
862 2477 968 2548 multa
993 2496 1066 2546 erat
1090 2473 1326 2548 &recondita
1351 2476 1525 2560 doelrina,
1562 2475 1598 2544 iu

269 2601 533 2672 familiaritatem
568 2619 663 2667 suam
692 2598 842 2688 recepit,
878 2604 911 2670 δι
946 2600 1098 2668 Romano
1133 2596 1410 2688 Archigymuasio
1447 2593 1598 2666 addixit.

270 2722 534 2796 iucundissimus
558 2719 606 2790 illi
631 2719 696 2790 fuit
721 2722 866 2788 loannes
900 2710 1113 2786 Oricellarius
1153 2715 1311 2786 bernardi
1350 2719 1385 2784 F.
1420 2738 1491 2784 non
1527 2735 1596 2784 tam

267 2859 406 2932 propter
429 2839 737 2930 propinquitatem,
762 2861 861 2930 quam
887 2855 1023 2926 propter
1047 2835 1162 2904 miram
1186 2834 1221 2903 in
1255 2833 1438 2924 pangendis
1471 2832 1599 2904 Italicis

271 2961 475 3031 carminibus
503 2957 701 3050 elegantiam
727 2976 828 3046 atque
852 2953 1092 3040 dulcedinem,
1127 2977 1226 3046 quem
1252 2977 1328 3024 cum
1361 2955 1523 3046 Legatum
1564 2951 1601 3024 in

271 3077 415 3150 Galliam
439 3073 614 3216 misispet,
638 3077 721 3147 satis
748 3097 862 3166 aperte
886 3073 1076 3156 declararit
1100 3075 1200 3164 hujus
1225 3074 1373 3146 muneris
1397 3071 1600 3166 perfuudlio·
1632 3119 1637 3128 -
1663 3171 1666 3180 ,

269 3219 348 3266 nem
374 3197 501 3268 aditum
527 3195 576 3266 rlli
602 3196 676 3266 sore
699 3196 742 3266 ad
765 3195 985 3284 amplissimos
1010 3197 1178 3266 honores.
1201 3196 1264 3266 Sed
1299 3219 1389 3266 mors
1428 3191 1599 3272 Pontificis

268 3339 401 3386 ornnem
427 3317 499 3408 ejus
525 3341 635 3406 spem,
658 3321 693 3386 bt
717 3315 833 3386 omnia
853 3315 945 3386 vitae
971 3315 1113 3386 consilia
1138 3315 1324 3405 pervertit.
1350 3317 1454 3386 Porro
1478 3315 1507 3383 is
1532 3311 1597 3382 fuit

269 3434 407 3527 ingenio
432 3455 557 3522 tanto,
584 3453 749 3526 quantum
773 3434 807 3504 id
832 3417 995 3506 convenit
1020 3436 1206 3506 existimari
1239 3459 1280 3506 err
1315 3437 1389 3530 ejus
1411 3435 1454 3504 de
1481 3435 1597 3524 apibus

152 3641 155 3647 Ι
245 3550 447 3641 poemate,
473 3561 506 3626 bc
531 3579 574 3626 er
597 3579 663 3626 una
689 3575 790 3646 atque
815 3555 921 3626 altera
945 3553 1120 3644 tragoedia
1159 3553 1278 3624 Italico
1314 3553 1597 3644 hendecasyllabo

269 3675 415 3744 carmine
440 3675 608 3779 exaratis,
634 3677 813 3764 prudentia
839 3693 952 3745 autem
977 3693 1097 3756 tanta,
1137 3693 1174 3742 ut
1215 3675 1313 3761 plane
1337 3674 1537 3748 satisfecerit
1561 3677 1596 3744 in

266 3790 324 3863 illa
351 3795 504 3867 obeunda
528 3797 698 3888 legatione·
720 3798 850 3874 Leoni,
876 3819 1069 3886 quanquam
1108 3795 1143 3864 in
1174 3793 1292 3864 odium
1327 3795 1501 3866 Gallorum
1531 3796 1598 3866 hac

266 3911 341 4000 ipsa
364 3911 407 3984 de
432 3935 552 3986 caussa
577 3917 784 3987 incurrerit.
809 3918 989 3986 Divinavit
1025 3917 1084 4008 qui
1118 3934 1332 4006 quantusque
1373 3919 1425 3988 vir
1459 3914 1595 3990 futurus

264 4049 355 4100 esset
381 4031 540 4116 Aloysius
566 4036 785 4108 Alamannius
811 4037 865 4108 vel
891 4062 934 4108 er
958 4061 1000 4107 eo
1026 4057 1196 4124 tempore,
1223 4059 1292 4126 quo
1314 4034 1407 4104 illum
1439 4037 1596 4127 juvenem

267 4152 445 4238 admodum
471 4155 514 4224 ad
538 4155 692 4226 Odonem
719 4159 933 4228 Lotrechium
957 4156 1187 4226 Mediolanum
1218 4157 1345 4247 legavit
1361 4153 1377 4236 ,’
1405 4174 1443 4227 ιιι
1479 4159 1597 4227 sua&

270 4270 486 4361 Reipublicae
511 4275 649 4366 negotia
674 4293 891 4364 procuraret.
911 4279 1006 4367 Quot
1038 4277 1308 4368 gravissimisque
1340 4278 1374 4347 in
1409 4277 1529 4360 rebus,
1561 4298 1601 4352 ut

267 4413 369 4478 supra
393 4391 592 4472 innuimus,
617 4396 767 4500 adhibuit
792 4391 1009 4465 Franciscum
1035 4397 1319 4492 Guicciardinium
1352 4399 1598 4474 historicorum

266 4530 349 4581 suae
374 4511 496 4582 aetatis
523 4511 622 4584 facile
637 4514 838 4608 principem!
864 4515 955 4610 Quid
979 4539 1048 4590 non
1073 4516 1192 4590 tribuit
1218 4517 1349 4592 Nicolai
1366 4518 1599 4596 Machiauellii
