4472 5828
655 657 702 721 42
1046 624 1071 692 L
1119 627 1147 698 Ε
1198 625 1231 692 0
1279 630 1310 696 N
1357 619 1445 697 158*
1516 625 1557 694 X.

607 757 688 840 nia,
714 776 790 823 curn
815 751 856 820 de
881 747 954 842 ejus
983 747 1134 820 adventu
1158 745 1239 818 nihil
1265 749 1432 840 suspicati
1456 767 1570 820 essent
1595 743 1740 821 hostes.
1767 749 1838 820 Hac
1865 773 1946 822 ree

609 879 762 957 Graeco,
788 873 845 964 qui
872 870 950 942 inde
976 890 1142 951 venerut„
1168 870 1309 955 audita,
1327 871 1711 961 magnoperecommoti
1730 891 1836 956 sunt,
1856 872 1950 964 quod

565 1067 569 1074 ,
608 997 673 1090 jam
699 991 783 1064 nihil
807 1014 972 1083 prospere
1001 992 1041 1062 ab
1068 991 1149 1080 ipsis
1182 991 1308 1062 tentari
1335 992 1430 1083 agive
1470 992 1790 1082 possevideretur.
1815 996 1954 1084 ltaque,

610 1112 758 1187 colledlis
783 1115 895 1208 vasisj,
921 1133 1034 1186 castra
1075 1115 1198 1184 Forum
1232 1110 1429 1186 Cornelium
1454 1136 1574 1190 versus
1599 1132 1803 1200 moverunt,
1839 1113 1952 1204 ibique

609 1235 841 1308 consederunt
857 1287 866 1305 .

719 1359 842 1428 Laetus
869 1365 969 1449 atque
995 1355 1104 1428 alacer
1129 1356 1231 1450 Fojus
1256 1355 1301 1428 ob
1326 1355 1502 1430 liberatam
1527 1357 1705 1429 obsidione
1739 1351 1958 1439 Bononiam,¹

610 1473 727 1548 relifla
766 1478 812 1548 ibi
851 1499 947 1567 parte
984 1480 1156 1568 copiatum
1195 1502 1354 1563 suarum,
1395 1478 1436 1551 ad
1471 1477 1743 1575 ‚recuperandum
1776 1476 1947 1587 Brixiam,

613 1594 744 1691 aliaque
769 1596 884 1670 vicina
909 1599 1008 1684 loca,
1029 1622 1117 1688 quae
1141 1600 1176 1670 in
1201 1615 1406 1688 potestatem
1431 1603 1641 1670 Venetorum
1676 1615 1860 1682 venerant,
1898 1595 1955 1664 iu-

615 1717 768 1792 eredibili
793 1718 964 1790 celeritate
989 1715 1163 1806 profedlus
1188 1738 1264 1794 esta
1289 1744 1398 1810 neque
1421 1722 1490 1786 hoc
1515 1722 1625 1792 solnm
1653 1742 1786 1790 summa
1812 1713 1959 1784 felicite-

617 1851 651 1904 te
676 1836 813 1922 effecit,
837 1837 897 1908 sed
922 1841 954 1909 u
977 1840 1141 1908 Ioannem
1167 1837 1320 1910 Paullum
1346 1835 1563 1924 Bellienum,
1589 1843 1622 1911 bc
1657 1841 1863 1908 Venetorum
1897 1857 1961 1904 co·

615 1957 708 2047 pias,
742 1979 829 2049 quae
855 1957 896 2028 ab
920 1954 979 2028 illo
1004 1957 1237 2046 ducebantur,
1264 1957 1371 2036 fudit.
1399 1962 1432 2028 bt
1458 1957 1643 2030 aliamulta
1670 1957 1808 2030 fortiter
1825 1957 1954 2030 animo·

616 2099 723 2168 seque
745 2077 867 2169 gessit.
892 2081 987 2172 Quas
1010 2080 1054 2151 ob
1079 2105 1132 2152 res
1160 2098 1290 2151 tantam
1319 2077 1458 2150 bellicae
1482 2076 1588 2150 laudis
1614 2078 1813 2167 opinionem
1830 2100 1957 2148 conse-

618 2214 718 2270 cutus
741 2215 821 2280 est,
845 2215 884 2268 ut
908 2219 1007 2272 nemo
1034 2201 1066 2271 ei
1093 2223 1153 2292 par
1175 2216 1384 2292 poneretur.
1415 2202 1550 2270 Interim
1575 2223 1595 2270 a
1629 2197 1860 2289 compluribus
1901 2194 1956 2264 ci.

615 2317 778 2390 vitatibus
800 2318 842 2390 ad
864 2343 942 2392 eum
966 2319 1069 2413 legati
1092 2321 1258 2407 veniunt,
1284 2320 1407 2412 quibus
1432 2344 1549 2412 pscem
1574 2327 1608 2394 δι
1634 2318 1818 2390 amicitiam
1839 2333 1959 2406 peten-

618 2437 709 2511 tibus
735 2438 917 2512 liberaliter
943 2439 1137 2530 respondit,
1168 2459 1269 2533 atque
1293 2439 1452 2513 auxilium
1489 2465 1587 2512 suum
1625 2438 1827 2528 pollicetur.
1851 2434 1896 2504 At
1920 2433 1957 2526 in

606 2577 659 2634 'ea
685 2583 720 2633 re
744 2560 888 2632 maxime
909 2562 1060 2632 intentus
1086 2579 1161 2632 erat
1196 2559 1328 2632 enimus
1354 2561 1468 2646 illius,
1502 2580 1540 2632 nt
1566 2560 1610 2630 sd.
1632 2557 1827 2628 Pontificius
1852 2573 1959 2647 arque

619 2681 790 2774 Hispanos
816 2661 968 2762 rediret,
992 2703 1120 2773 eosque
1146 2680 1188 2753 ad
1213 2703 1360 2772 pugnem
1383 2701 1550 2755 vocaret.
1573 2681 1637 2751 Ubi
1661 2680 1697 2750 hi
1720 2679 1765 2750 de
1787 2678 1859 2772 ejus
1895 2674 1959 2745 ad-

620 2818 729 2874 sentu
752 2800 912 2875 certiores
939 2800 1019 2874 saell
1045 2822 1157 2888 sunt,
1179 2801 1270 2871 haud
1296 2801 1576 2874 committendum
1600 2799 1798 2883 duxerunt,
1825 2813 1863 2866 ut
1889 2815 1963 2864 uuo

620 2919 748 3009 praelio
773 2921 879 2994 totius
903 2920 983 2994 belli
1008 2919 1151 2995 fortune
1181 2937 1400 3004 tentaretur,
1425 2921 1570 2994 marine
1595 2919 1675 3010 quia
1698 2916 1735 2987 itt
1769 2940 1828 3005 spe
1864 2930 1963 2986 erant
2012 2989 2015 2992 ,

611 3036 716 3126 lore,
737 3058 776 3112 ut
799 3037 888 3110 Galli
905 3041 945 3114 cb
962 3040 1060 3112 ltalia
1083 3061 1332 3128 evocarentur,
1358 3041 1402 3112 ob
1428 3040 1607 3130 pericula,
1626 3060 1714 3130 quae
1734 3036 1806 3107 tuis
1830 3058 1850 3104 a
1887 3033 1964 3107 Bri·

620 3159 737 3231 tannis
760 3163 794 3232 bt
819 3161 976 3250 ffispanie
1002 3161 1290 3232 intendebantur.
1318 3164 1437 3254 Itaque
1461 3161 1512 3231 sic
1538 3159 1601 3231 iter
1627 3158 1820 3242 faciebant,
1843 3173 1882 3224 ut
1904 3155 1963 3226 in-

621 3294 673 3349 rer
698 3279 922 3352 novissimum
945 3282 1096 3354 hostium
1122 3305 1267 3376 agmen,
1292 3287 1325 3354 bt
1352 3304 1492 3354 suorum
1514 3279 1659 3369 primum
1699 3275 1829 3370 aliquot
1862 3273 1970 3348 millie

622 3416 785 3486 passuum
806 3401 1032 3494 interessent,
1057 3420 1163 3496 utque
1187 3401 1303 3477 vicine
1326 3401 1489 3476 haberent
1515 3397 1594 3472 loca
1626 3417 1685 3472 aut
1711 3417 1865 3490 natura,
1907 3414 1971 3467 aur

624 3533 698 3590 erte
721 3521 876 3609 munite,
900 3545 943 3594 rte
968 3521 1094 3611 praelio
1121 3521 1162 3596 ab
1186 3522 1343 3596 hostibus
1368 3523 1446 3593 sine
1466 3521 1618 3594 martimo
1638 3509 1970 3610 illorum“1rericulo

604 3635 889 3716 lacesserentur.
912 3642 1260 3737 contraeamus,
1284 3665 1346 3718 seu
1371 3643 1464 3736 quod
1479 3643 1598 3714 timore
1622 3643 1822 3734 perterritos
1845 3639 1971 3728 Hispa·

622 3783 691 3836 nes
713 3761 884 3844 decedere
906 3785 927 3832 a
951 3780 990 3832 se
1013 3757 1239 3850 exlstimares,
1265 3756 1341 3839 sive
1362 3764 1458 3858 quod
1482 3787 1517 3835 re
1544 3761 1764 3836 frumentaria
1789 3781 1824 3832 se
1851 3759 1965 3845 inter·

606 3877 718 3952 ¹eludi
739 3897 1042 3974 posse.uereretur
1060 3933 1075 3970 ,,
1095 3883 1169 3957 sive
1190 3885 1281 3978 quod
1306 3889 1400 3983 iussa
1425 3909 1445 3958 a
1469 3888 1563 3978 Rege
1584 3885 1752 3970 haberet,
1780 3904 1829 3952 ne
1846 3879 1969 3952 differ·

517 4047 519 4050 .
606 4016 682 4074 ret.
701 3999 876 4078 fortunam
898 4002 1075 4094 enperiri,
1101 4005 1379 4080 concurreresd
1416 4028 1508 4078 artua
1547 4003 1765 4078 vehementer
1801 3999 1977 4090 optabat,

625 4115 757 4210 iterque
780 4124 980 4198 Ravennam
1002 4126 1151 4214 ditetis,
1175 4127 1272 4200 haud
1291 4126 1450 4200 dubitans
1476 4126 1616 4198 minime
1645 4143 1805 4216 passuros
1839 4117 1968 4211 adver·

627 4228 735 4302 ⁸213oe
748 4249 764 4312 ’ὁ
783 4243 929 4344 uturbe
955 4245 1167 4320 nobilissima
1190 4248 1381 4339 potiretur.
1402 4253 1489 4322 Erat
1507 4251 1542 4321 in
1561 4273 1605 4322 ea
1630 4249 1766 4318 Marcus
1793 4239 1974 4328 Antonius

628 4347 797 4420 Colum&
818 4340 1053 4452 111le
1077 4389 1156 4438 cum
1171 4367 1333 4442 militibus
1359 4367 1448 4440 mille
1475 4369 1693 4460 quingentis,
1714 4361 1887 4458 equitibus
1904 4380 1981 4434 tte·

630 4467 768 4558 amis.
790 4489 897 4566 seque·
920 4464 1004 4546 furti
1030 4495 1068 4548 ec
1095 4485 1416 4570 pammenius
1448 4486 1678 4581 defendebat,
1703 4490 1736 4560 ec
1762 4483 1893 4557 elaten
1905 4480 1977 4548 110·-
