4392 5838
598 827 602 837 Δ
1596 755 1663 834 291

466 857 529 918 eolo
550 855 651 918 receati
671 857 698 918 la
719 870 825 918 renota
846 851 877 916 di
898 837 999 918 cesare
1022 875 1036 916 a
1058 859 1169 926 Rome,
1192 876 1239 920 me
1260 879 1295 918 ve
1315 855 1344 917 lo
1373 855 1515 928 consorti,
1544 858 1709 918 mostrando

423 1005 426 1012 -
465 961 621 1044 piacergii‚
642 983 658 1024 e
677 960 895 1022 desiderandolo
916 963 986 1022 assai
1007 983 1055 1044 per
1076 961 1098 1022 li
1127 961 1238 1044 rispetti
1272 961 1342 1022 altre
1372 961 1450 1023 volte
1471 961 1585 1023 scritti.
1606 959 1642 1022 Ec
1664 959 1711 1020 dei

466 1081 542 1126 cetto
562 1064 644 1134 dice.
663 1067 716 1128 che
736 1071 763 1128 8.
784 1071 812 1128 8.
834 1087 892 1128 non
915 1087 944 1126 se
965 1086 1002 1126 ne
1023 1063 1070 1125 die
1092 1083 1131 1126 on
1152 1063 1282 1146 pensiero
1303 1065 1329 1125 al
1351 1061 1458 1126 mondo
1479 1063 1580 1146 pecchi
1601 1067 1630 1126 si
1650 1084 1708 1122 cer·

466 1183 516 1240 to,
538 1168 592 1230 che
611 1169 765 1232 dirarmato
787 1190 846 1231 non
867 1150 963 1238 reici,
986 1190 1001 1230 c
1022 1167 1073 1228 che
1095 1168 1210 1248 quando
1231 1190 1327 1230 evesse
1347 1167 1368 1230 il
1391 1167 1598 1230 snodoavenir
1618 1189 1709 1228 arma·

466 1287 516 1340 co.
538 1271 560 1332 il
580 1271 633 1332 che
652 1293 713 1334 non
733 1273 835 1345 crede,
857 1274 919 1335 dice
939 1273 991 1334 che
1012 1277 1040 1334 S.
1058 1277 1087 1334 8.
1107 1291 1167 1332 non
1188 1292 1216 1331 ee
1238 1291 1273 1331 ne
1294 1270 1341 1332 dia
1362 1267 1478 1332 fastidio
1488 1255 1501 1340 ‚¹
1530 1293 1576 1332 ma
1607 1273 1662 1334 etia
1693 1292 1709 1333 a

466 1373 587 1446 vedere,
607 1398 622 1436 e
647 1376 716 1438 larci
739 1375 795 1438 fere
817 1399 832 1438 a
853 1378 915 1448 lui,
935 1374 1038 1460 perche
1060 1377 1091 1436 in
1111 1377 1151 1436 tal
1172 1396 1237 1438 caso
1258 1375 1390 1436 havendo
1403 1377 1506 1436 Cesare
1521 1396 1536 1435 a
1554 1395 1646 1454 passer
1659 1397 1707 1457 per

467 1480 489 1540 il
509 1476 642 1542 dominio
663 1503 682 1542 o
702 1503 754 1544 ouo
774 1504 793 1543 o
813 1482 857 1544 de'
870 1482 983 1564 signori
1004 1478 1177 1546 venetiani,
1209 1483 1236 1538 8.
1259 1480 1302 1537 M.
1330 1499 1378 1560 per
1401 1477 1514 1556 ,sicurti
1545 1477 1621 1559 degli
1642 1476 1708 1538 stati

466 1583 586 1644 mmuni
607 1589 687 1646 verri
707 1586 738 1646 in
760 1587 861 1654 ltalia,
883 1591 911 1646 dt
932 1584 1034 1646 hereri
1055 1583 1111 1643 tale
1131 1603 1147 1641 e
1174 1599 1253 1642 tanta
1274 1599 1358 1664 gente
1382 1597 1425 1640 tra
1446 1601 1508 1640 esso
1530 1583 1591 1651 Re,
1624 1577 1650 1639 da
1671 1582 1712 1640 lo·

466 1705 516 1756 ro,
538 1685 591 1748 elie
611 1687 634 1748 oi
656 1685 738 1748 crede
758 1688 935 1758 certissimo,
955 1685 1008 1755 che
1030 1690 1131 1748 Cerere
1154 1705 1212 1744 non
1233 1684 1258 1744 ci
1281 1681 1409 1744 metteria
1430 1704 1446 1743 a
1467 1705 1593 1765 pessare,
1616 1690 1642 1742 &
1660 1683 1712 1743 che

466 1789 617 1852 uolentieri
638 1811 668 1852 se
689 1811 725 1851 ne
748 1795 861 1852 torneri
881 1793 956 1854 nella
978 1793 1103 1874 Magna,
1125 1795 1152 1849 δι
1175 1809 1234 1850 non
1261 1793 1370 1873 passeri
1400 1789 1475 1858 mai,
1498 1795 1525 1847 δι
1547 1793 1604 1848 cosi
1632 1788 1713 1861 dice,

466 1893 519 1956 the
540 1897 579 1954 N.
599 1898 626 1958 8.
646 1899 727 1956 verri
747 1895 783 1956 ad
805 1895 890 1956 haret
918 1890 1059 1956 sacioiatto
1085 1916 1103 1955 a
1129 1897 1252 1962 Cesare,
1282 1899 1309 1954 dc
1341 1893 1459 1954 liberato
1490 1895 1572 1956 ltalia
1601 1893 1637 1956 du
1659 1914 1714 1956 una

468 2015 604 2080 perpetua
625 1999 754 2082 servitii.
776 1991 884 2060 lettere
907 2001 949 2058 de'
971 1999 1121 2076 Principi‚
1143 2020 1160 2058 o
1183 1999 1212 2058 a*
1234 2000 1386 2070 Principi.

388 2099 454 2184 (64)
476 2103 571 2180 Scipio
592 2104 770 2166 Ammiratus
790 2107 820 2167 in
842 2126 893 2166 sua
917 2105 1143 2166 Florentinamm
1166 2101 1253 2164 rerum
1282 2101 1401 2164 lristoria
1430 2104 1467 2160 al
1493 2122 1594 2160 aonam
1628 2107 1713 2175 rrir.

461 2225 530 2284 pag.
555 2228 622 2284 333.
640 2208 702 2270 air.
724 2209 835 2269 Giunse
858 2230 873 2270 a
893 2206 1009 2269 Firenze
1030 2228 1070 2268 un
1090 2209 1175 2270 breve
1196 2207 1242 2268 dcl
1265 2211 1340 2290 Papa
1361 2227 1410 2288 per
1432 2205 1460 2264 lo
1481 2203 1564 2285 quale
1596 2220 1711 2263 comen·

465 2306 558 2376 dave,
578 2309 632 2370 che
653 2310 677 2370 ei
697 2309 832 2373 &cessero
853 2312 1028 2394 processioni
1051 2332 1066 2372 e
1088 2311 1200 2394 digiuni
1222 2350 1231 2368 .
1251 2351 1259 2370 .
1280 2350 1288 2367 .
1312 2349 1320 2367 .
1342 2308 1367 2367 ll
1389 2307 1491 2390 giorno
1513 2307 1607 2389 dopo,
1629 2325 1713 2368 come

465 2407 536 2471 dura
556 2414 679 2473 tuttaria
701 2411 757 2474 lino
780 2415 805 2474 α’
827 2415 953 2498 presenti
974 2415 1085 2495 tempi,
1108 2413 1131 2473 si
1162 2411 1245 2472 diede
1267 2411 1409 2494 principio
1441 2432 1456 2471 a
1488 2431 1589 2470 sonore
1609 2409 1632 2468 l’
1650 2412 1715 2471 Are

465 2513 571 2582 meria,
591 2515 621 2576 d'
639 2516 742 2576 ordine
763 2517 810 2577 del
834 2516 992 2576 medesimo
1014 2514 1177 2582 pontefice,
1199 2516 1219 2574 il
1243 2537 1339 2576 mezzo
1360 2513 1391 2574 dl
1426 2531 1470 2575 tra
1490 2513 1517 2574 la
1552 2534 1628 2574 nona
1649 2533 1665 2572 e
1693 2510 1716 2572 it

466 2633 594 2696 stupro.
616 2619 700 2698 Quod
720 2623 758 2680 ad
779 2636 882 2682 ceteras
904 2640 968 2680 uero
986 2639 1079 2696 preces
1098 2639 1150 2696 per
1177 2621 1294 2679 Leonem
1317 2619 1362 2678 uel
1387 2633 1473 2686 tune,
1495 2617 1541 2674 uel
1561 2617 1629 2675 aliis
1650 2629 1719 2674 tem·

461 2719 576 2797 peribus
592 2721 754 2793 institutas,
780 2726 844 2785 uide
860 2725 994 2782 Natalem
1004 2723 1216 2788 Alexandrum,
1230 2721 1375 2796 aliosque,
1391 2721 1440 2796 qni
1451 2723 1484 2779 de
1495 2743 1526 2783 eo
1540 2721 1716 2797 scripsemne.

384 2813 457 2897 (65)
474 2822 583 2882 Narrat
603 2823 670 2884 haee
693 2825 778 2884 Paris
797 2825 928 2886 Grassirrs
949 2826 979 2884 in
1001 2847 1071 2894 sao,
1093 2839 1123 2882 ut
1143 2824 1325 2900 appellatur,
1348 2825 1460 2882 diario.
1546 2866 1550 2874 .

386 2919 454 3004 (66)
479 2924 551 2986 Vile
572 2923 673 2988 Leonis
693 2929 831 3005 epistolas·
847 2931 920 2990 inter
940 2929 1067 2988 Saloleti
1089 2929 1223 3004 epistolas
1245 2929 1335 2987 editos
1358 2927 1469 2986 Romae
1491 2946 1581 3004 1754.
1601 2924 1714 2986 Miscel.

467 3047 503 3088 ex
526 3030 606 3092 Μ88.
625 3028 720 3090 Libris
742 3025 884 3092 Biblioth.
905 3030 1030 3114 Collegii
1052 3029 1199 3090 Romani.

385 3124 452 3212 (67)
473 3133 619 3212 Pontificio
638 3133 766 3202 litterae,
789 3133 888 3208 quidus
911 3135 1093 3210 subscripsere
1109 3133 1248 3192 XXVII.
1265 3132 1429 3196 cardinales
1453 3135 1537 3194 datae
1552 3147 1615 3194 sunt
1633 3133 1716 3194 Men·

467 3254 498 3296 se
521 3235 649 3298 Odolris
671 3253 717 3296 an.
736 3255 821 3300 1521.
839 3237 976 3297 Luelrerus
1001 3258 1050 3296 suo
1075 3256 1149 3296 more
1168 3236 1263 3296 acerbe
1284 3225 1319 3301 ό·
1338 3237 1497 3314 petulanter
1518 3237 1636 3298 Hearici
1658 3237 1716 3296 Re·

465 3339 511 3418 gis
538 3359 605 3416 epus
626 3339 769 3419 confutare
793 3359 937 3418 aggressus
961 3352 1025 3400 est.

388 3439 452 3522 (68)
475 3443 540 3503 Hae
566 3445 600 3504 de
622 3463 650 3504 re
666 3445 729 3506 uide
754 3441 835 3506 Petri
859 3443 961 3506 Bemli
985 3443 1116 3504 Italicam
1136 3441 1284 3522 epistolem
1306 3444 1344 3502 od
1367 3444 1455 3522 ipsum
1483 3445 1632 3507 Daritiem
1651 3445 1715 3506 Car·

474 3543 596 3606 dinalern
614 3583 623 3601 .
644 3544 723 3607 Satis
744 3565 853 3625 quoque
873 3562 934 3608 erat
951 3549 1056 3624 peritus
1077 3547 1242 3608 Franciscus
1256 3546 1376 3606 Italicae
1388 3547 1521 3624 linguae.
1543 3538 1579 3608 ό·
1595 3565 1716 3624 perpure·
1787 3589 1789 3594 -

470 3666 515 3707 cos
536 3667 604 3708 sane
624 3650 660 3709 iis
689 3651 856 3726 temporibus
880 3649 910 3710 in
933 3649 1035 3710 Gallia
1059 3651 1234 3718 invenisses,
1261 3651 1309 3727 qui
1331 3651 1360 3710 in
1395 3650 1558 3710 Italicorum
1594 3667 1717 3710 sermone

470 3751 546 3811 curli
567 3765 677 3812 essent·
698 3750 794 3830 Hujus
828 3753 868 3812 rei
900 3753 1086 3812 testimonium
1120 3767 1201 3813 extet
1225 3755 1254 3813 in
1277 3753 1398 3829 epistola
1416 3753 1551 3812 Ladooiei
1578 3753 1718 3813 canossae

466 3855 505 3912 ed
526 3851 679 3912 Douitium
701 3853 899 3914 cardinalem.
922 3856 1035 3915 lettere
1057 3853 1241 3938 de'·Principi
1261 3874 1279 3914 o
1301 3853 1490 3936 a'Principi:
1510 3849 1721 3934 Veneriepree.

467 3972 501 4014 eo
521 3953 677 4013 Francecco
698 3951 787 4012 Toldi
811 3973 899 4030 1573·
919 3953 952 4014 in
973 3980 1006 4029 4.

387 4056 456 4136 (69)
476 4056 571 4132 Regia
588 4055 674 4132 plone
703 4056 934 4132 damascenum,
955 4076 1028 4133 quae
1054 4077 1073 4116 a
1103 4057 1236 4138 Pontifiee
1258 4071 1315 4118 tum
1336 4077 1408 4120 noua
1429 4071 1538 4134 nupta,
1568 4045 1626 4115 nem
1649 4051 1721 4113 Gol-

381 4139 395 4195 i*
469 4157 574 4218 liamm
596 4159 710 4235 Regina
733 4161 862 4234 accepit.
886 4157 929 4217 lis
957 4149 1061 4220 sex&
1085 4160 1203 4237 triginta
1220 4161 1346 4240 jamenta
1362 4174 1477 4219 onerata
1493 4160 1621 4236 suerunt:
1641 4160 1720 4222 Cete-

473 4279 506 4320 ra
531 4261 607 4320 inter
633 4275 695 4328 erat
723 4259 822 4320 lellica
858 4261 1036 4322 testitudineo
1066 4263 1171 4328 ebore.
1203 4259 1558 4339 merre'perala,aliirqae
1585 4264 1717 4338 pretiosis

468 4364 600 4424 distincta
633 4363 710 4423 rebus
728 4401 736 4419 .
757 4365 842 4423 Fama
862 4377 926 4423 rum
947 4359 1026 4432 fuit,
1048 4363 1092 4423 ait
1113 4363 1224 4435 Titius,
1246 4383 1366 4426 munera
1387 4363 1472 4426 misso
1494 4383 1647 4426 aureorum
1662 4380 1719 4426 cre.

466 4481 620 4525 centorum
643 4461 768 4524 millium
789 4463 916 4524 valorem
937 4463 1100 4526 excedere.

385 4565 455 4648 θ.)
473 4566 593 4646 Questos
608 4567 709 4626 maltos
725 4568 770 4626 ait
789 4565 965 4627 Ammiratus
994 4569 1028 4627 de
1053 4569 1208 4630 mutatione
1226 4581 1378 4648 cempomm
1395 4560 1429 4632 ὑ
1445 4589 1566 4642 morum,
1587 4566 1639 4628 che
1659 4585 1715 4628 ore

369 4701 372 4708 ·
462 4667 495 4731 vlc
517 4665 581 4731 doti
601 4665 647 4731 de’
659 4667 792 4734 eirtadini
811 4685 1017 4754 perquirente
1036 4671 1252 4738 enniaddietre
1277 4693 1339 4744 non
1358 4691 1425 4737 eron
1447 4689 1556 4757 pessare
1581 4671 1639 4734 mai
1658 4667 1711 4729 fio·
