4372 5842
690 659 720 726 v
816 664 831 732 1
930 662 961 730 τ
1019 637 1022 644 ’
1060 661 1090 730 n
1490 661 1555 748 rs)

274 799 344 856 tate
367 777 524 866 ornauit,
550 776 649 850 lateri
673 779 862 852 debuerunt
888 779 1017 852 aditum
1041 779 1081 850 ad
1107 801 1179 851 eam
1206 778 1270 850 sibi
1295 778 1494 870 patefecisse
1520 779 1605 850 Leo·

273 923 380 988 aem,·
404 908 438 974 ar
463 898 702 972 nonnullorum
725 898 872 970 sortasse
898 902 1157 972 inhonorata&
1182 901 1324 994 ingloria
1359 901 1430 970 vita
1456 897 1607 978 suisset,

271 1021 340 1093 nisi
363 1044 423 1112 per
447 1047 523 1096 enm
549 1021 680 1114 cogniti
705 1022 905 1113 probatique
918 1021 1092 1108 fuissent,
1123 1045 1266 1114 quorum
1292 1021 1436 1112 ingeniis
1462 1024 1494 1090 dr
1523 1018 1608 1088 scri·

273 1148 342 1240 ptis
367 1147 547 1240 plurimum
569 1173 652 1220 sane
677 1149 798 1218 Leonis
825 1167 918 1220 aetas
942 1141 1103 1222 decorata
1138 1149 1227 1220 suit.
1269 1148 1408 1218 Canales
1429 1116 1607 1230 ¹redonis,

273 1270 555 1362 quemadmodum
578 1269 620 1342 de
655 1293 696 1342 eo
730 1271 909 1342 memoriae
948 1269 1122 1341 mandavit
1156 1267 1304 1360 Raphael
1345 1265 1607 1353 Braudolinius,

276 1406 438 1464 nemeae.
460 1411 604 1475 morum,
631 1391 768 1462 humani
793 1391 965 1486 divinique
985 1390 1099 1482 juris,
1121 1411 1162 1459 oc
1187 1411 1360 1482 supremae
1385 1385 1477 1458 illius
1497 1385 1608 1457 seien-

275 1491 369 1590 aaa,
390 1531 488 1605 quom
512 1509 709 1606 theologiam
734 1529 884 1594 vocant,
906 1511 1125 1603 peritissimos
1152 1510 1242 1582 viror
1267 1510 1430 1590 accersit,
1460 1505 1609 1601 probat,

270 1625 573 1724 desertissimisque
597 1632 771 1725 stipendiis
793 1628 978 1720 refocillat,
1016 1630 1169 1726 quodque
1205 1632 1240 1698 in
1271 1630 1392 1724 primis
1432 1643 1611 1700 memoratu

271 1764 322 1820 ert
344 1748 572 1844 dignissimum
590 1805 600 1838 ,
621 1767 773 1846 praestat
796 1769 1013 1848 quaecunque
1034 1753 1271 1846 praecipiunt,
1299 1747 1477 1820 &tontum
1514 1749 1608 1818 viros

273 1870 308 1938 in
334 1869 423 1940 omni
446 1868 698 1963 disciplinarum
720 1894 845 1970 genere
867 1873 1171 1965 praestantissimos
1197 1869 1330 1966 diligit,
1372 1885 1530 1963 quantum
1567 1864 1614 1936 ol

274 1987 341 2061 illis
361 1988 544 2084 probatur.
570 1995 681 2064 Testis
706 2013 758 2066 est
784 1993 871 2064 idem
896 2015 939 2062 eo
964 1993 1000 2062 in
1024 1991 1162 2082 dialogo
1183 2015 1310 2082 ,quent
1336 1991 1376 2060 de
1397 1989 1520 2058 Leonis
1538 1985 1610 2056 lau·

273 2109 372 2213 dibus
395 2112 578 2196 exaravit,
601 2111 727 2204 quique
753 2131 930 2202 propterea
955 2111 1026 2182 Leo
1051 2112 1271 2198 inscribitur,
1312 2111 1422 2199 ipsum
1458 2111 1611 2178 accersi·

274 2231 364 2302 visse
389 2230 596 2300 acutissimos
623 2231 862 2322 philosophos,
899 2231 1119 2324 gravissimos
1143 2231 1434 2320 jurisconsultos,
1457 2230 1610 2320 prudeu-

274 2351 420 2421 tissimos
445 2349 591 2420 medicos
618 2373 636 2420 e
662 2350 792 2422 cundis
816 2351 933 2422 ltaliae
949 2351 1146 2444 Galliaeque
1162 2351 1366 2444 gymnasiis,
1385 2338 1428 2420 ad
1453 2373 1488 2420 se
1509 2349 1609 2418 etiam

275 2469 439 2541 invitasse
463 2489 651 2560 geometras
679 2495 717 2542 ac
744 2473 978 2544 arithmeticos
1002 2471 1090 2543 bello
1108 2495 1262 2562 paceque
1286 2491 1528 2578 opportunos,
1548 2491 1615 2540 nec·

274 2591 514 2676 contempsisse
530 2609 744 2664 astronomos
759 2643 767 2672 ,
788 2593 850 2682 qui
864 2592 1077 2683 plerumque,
1095 2591 1187 2684 quod
1210 2591 1400 2674 miraberis,
1428 2586 1610 2677 prodibant

274 2728 293 2774 e
318 2705 480 2799 religiosis
509 2709 646 2782 familiis
671 2711 794 2803 (101),
819 2715 869 2782 sic
894 2731 932 2782 ut
958 2711 999 2781 ad
1025 2729 1155 2780 ceteras
1179 2710 1295 2780 laudes
1321 2735 1394 2780 earn
1420 2709 1615 2794 addiderit,

273 2851 341 2920 qua
366 2824 457 2898 nulla
482 2830 588 2919 major
612 2851 693 2911 est,
719 2831 811 2901 nulla
829 2831 1058 2920 praeclarior,
1083 2849 1121 2900 ut
1146 2832 1314 2900 communi
1341 2830 1487 2898 oninium
1504 2850 1612 2918 popu·

274 2947 385 3019 lorum
411 2971 581 3020 consensu
620 2947 811 3020 litterarum
848 2970 944 3038 pater
980 2951 1236 3021 nominaretur.
1267 2930 1435 3042 'Magnum
1471 2975 1609 3043 quoque

274 3069 507 3158 philosophiae
532 3087 767 3140 ornamentum
793 3069 945 3140 attulisse
971 3070 1126 3157 videtur,
1152 3071 1243 3162 quod
1268 3073 1296 3142 si
1338 3072 1420 3162 quid
1459 3071 1500 3142 ab
1539 3074 1612 3166 ejus

275 3189 461 3261 cultoribus
496 3188 734 3279 proferendum
758 3210 875 3274 esset,
912 3191 1006 3282 quod
1041 3190 1149 3263 oleret
1180 3211 1240 3262 aut
1277 3189 1510 3278 Academiam,
1552 3210 1611 3261 aut

276 3315 448 3402 Lyceum,
483 3333 542 3381 eos
580 3311 796 3382 vehementer
830 3313 1057 3398 hortabatur,
1092 3333 1131 3383 ut
1164 3312 1270 3383 oleret
1292 3311 1428 3404 quidem
1452 3310 1611 3402 philoso-

273 3433 409 3525 phiam,
434 3453 504 3503 non
528 3429 815 3534 illamhorridam
840 3439 874 3505 br
898 3433 1080 3517 incultam,
1107 3451 1166 3503 aut
1202 3432 1398 3524 elinguem,
1436 3451 1494 3502 aut
1527 3431 1614 3502 stul·

274 3573 308 3624 te
333 3552 534 3634 clamosam,
560 3573 646 3642 quae
666 3549 800 3620 scholas
825 3576 930 3642 prope
945 3577 1061 3624 omnes
1078 3571 1326 3642 occupaverat,
1353 3549 1415 3620 sed
1435 3571 1608 3625 vetustam

272 3671 365 3742 illam
390 3673 572 3756 Atticam,
594 3690 749 3742 ornatam
775 3673 995 3762 ingenuarum
1021 3673 1143 3743 artium
1164 3672 1271 3744 multo
1297 3670 1539 3762 splendidoque
1553 3695 1612 3740 co·

275 3792 417 3863 nritatu.
443 3794 544 3885 Cujus
568 3792 670 3864 studii
694 3793 784 3886 quod
810 3795 969 3866 hortator
1003 3797 1037 3866 ar
1073 3793 1229 3884 magister
1273 3793 1338 3863 sibi
1373 3791 1486 3863 suerat
1519 3789 1616 3860 dorni

190 3913 193 3920 ’
274 3911 491 3998 politianus,
515 3917 601 3986 tanti
626 3917 691 3988 viri
717 3915 916 3988 atrlloritate
942 3920 974 3986 dt
1000 3911 1154 4002 exemplo
1181 3913 1315 3982 minime
1340 3913 1542 3994 verebatur,
1568 3934 1617 3982 ne

233 4117 238 4125 ,
274 4033 355 4108 dam
380 4055 474 4106 novo
500 4039 533 4107 δι
560 4034 672 4106 alieno
698 4057 825 4130 ornatu
848 4035 990 4124 optabat
1012 4033 1127 4104 ornari
1148 4032 1421 4122 philosophiam,
1445 4053 1509 4100 suo
1526 4051 1612 4122 quo·

180 4191 188 4210 ·
275 4176 341 4244 que
365 4175 441 4222 eam
467 4175 633 4224 concesso
670 4159 704 4226 dt
743 4147 871 4224 tradito
897 4152 1041 4244 spoliare
1067 4173 1169 4245 atque
1205 4152 1376 4226 denudare
1416 4148 1617 4222 videretur,

275 4276 361 4342 Cum
394 4296 493 4362 saepe
517 4271 702 4346 familiares
733 4296 905 4344 sermones
946 4273 1084 4344 haberet
1114 4272 1155 4342 de
1198 4269 1360 4362 frugifera
1396 4267 1620 4374 philosophia

277 4417 352 4494 sum
384 4394 564 4466 Francisco
590 4394 668 4462 Pico
693 4391 952 4479 Mirandulano‚
978 4393 1035 4462 cui
1061 4391 1189 4462 homini
1215 4392 1299 4462 adeo
1325 4389 1530 4460 concedebat
1545 4441 1556 4477 ,
1572 4410 1618 4485 ut

266 4531 387 4602 ‚parem
411 4511 531 4586 loanni
555 4491 680 4602 patruo
704 4531 843 4603 poneret
870 4512 941 4601 (a
958 4511 1084 4584 nullius
1110 4512 1246 4602 quidem
1267 4509 1509 4626 discipliuae&
1527 4511 1621 4584 amis
