4372 5842
644 693 722 762 20⁸·
1031 695 1056 763 L
1104 695 1133 762 E
1181 695 1213 764 O
1262 699 1292 766 N
1339 701 1353 768 1
1401 698 1424 766 S
1496 693 1536 763 X.

591 811 807 884 Franciscum
833 814 873 884 ab
910 809 1038 903 oppido
1074 813 1273 901 Calabriae,
1309 818 1344 888 in
1379 837 1447 908 quo
1483 833 1585 886 natus
1625 831 1699 898 est,
1740 812 1781 882 de
1818 810 1923 882 Paula

588 929 817 1021 appellatum,
849 935 940 1029 quod
983 959 1020 1006 se
1052 959 1188 1028 quoque
1221 959 1463 1006 concessurum
1511 933 1666 1025 promisit
1705 929 1925 1019 Reipublicae

560 1049 827 1137 ¹Florentinae,
858 1080 945 1148 quae
978 1057 1019 1125 ab
1053 1078 1093 1126 eo
1125 1055 1263 1124 summis
1290 1055 1442 1144 precibus
1478 1055 1642 1144 petierat,
1675 1070 1711 1122 ut
1747 1051 1945 1143 Antonino,

546 1205 552 1212 ·
590 1173 857 1264 Archiepiscopo
884 1199 945 1264 pro
971 1174 1093 1246 eximia
1118 1177 1188 1269 ejus
1215 1174 1394 1244 sanditate
1418 1178 1451 1244 dr
1480 1171 1633 1247 dodlrina
1662 1175 1844 1242 Beatorum
1863 1171 1926 1240 ho·

590 1311 691 1360 nores
715 1293 942 1367 haberentur.
966 1295 1061 1366 Illum
1086 1293 1175 1364 diem
1202 1293 1342 1383 primum
1367 1292 1428 1362 sibi
1451 1291 1728 1362 honestissimum
1754 1287 1859 1360 luisse
1877 1289 1926 1359 di·

592 1411 713 1496 cebat,
740 1437 808 1503 qno
835 1417 868 1484 in
894 1419 1021 1485 Senatu
1046 1414 1318 1483 Christianorum
1342 1411 1533 1502 Principum
1557 1409 1691 1502 Legatis
1718 1407 1926 1492 declaravit,

594 1551 629 1611 se
655 1531 807 1618 profedlo
833 1533 1048 1616 effedlurum,
1076 1551 1113 1602 nt
1139 1555 1255 1601 omnes
1282 1529 1525 1621 intelligerent,
1550 1529 1597 1600 nil
1624 1523 1691 1599 tam
1726 1528 1789 1598 sibi
1826 1545 1926 1597 curae

490 1673 492 1678 ·
586 1647 692 1736 lore,
732 1677 831 1742 qnam
862 1673 899 1722 ut
926 1651 1097 1722 commu-ni
1123 1675 1292 1722 consensu
1320 1669 1421 1742 atque
1456 1650 1711 1740 conspiratione
1753 1647 1926 1738 dignitas,

596 1771 773 1860 majestas,
797 1777 830 1842 ὃι
855 1773 965 1864 gloria
997 1771 1191 1842 Catholicae
1216 1769 1428 1859 Reipublicae
1465 1793 1534 1838 non
1574 1767 1675 1839 modo
1703 1788 1929 1836 conservare·

595 1903 649 1956 tur
664 1933 676 1968 ,
701 1889 760 1961 sed
791 1892 893 1962 etiam
932 1890 1214 1980 amplificaretur.
1249 1895 1365 1984 Quare
1391 1892 1473 1960 satis
1503 1889 1616 1961 mirari
1635 1880 1766 1980 nequeo
1795 1885 1929 1956 extitis-

594 2028 632 2074 se
657 2009 862 2096 nonnullos,
887 2009 945 2100 qui
973 2032 1014 2078 eo
1039 2007 1268 2099 impudentiae
1295 2011 1461 2101 progressi
1486 2030 1587 2094 sunt,
1611 2027 1650 2076 ut
1675 2005 1797 2075 leonis
1838 2001 1930 2071 calu·

597 2127 805 2199 mniarentur
837 2129 877 2199 de
904 2130 1068 2222 religione
1093 2127 1363 2216 sensus-(rat).
1389 2114 1475 2198 Saite
1492 2151 1562 2196 non
1589 2124 1767 2196 floruisset
1786 2121 1928 2192 tamdiu

525 2299 528 2306 ,
588 2246 758 2315 memoria
784 2250 856 2342 ejus
882 2271 1028 2331 nomen,
1052 2247 1082 2318 si
1106 2249 1207 2342 hujus
1231 2249 1380 2344 criminis
1405 2248 1461 2320 vel
1498 2248 1667 2316 minimam
1706 2241 1929 2331 suspicionem

597 2361 767 2452 dedisset,
793 2391 880 2458 quae
905 2368 1039 2459 quidem
1066 2367 1185 2438 cadere
1213 2368 1345 2438 minime
1384 2385 1518 2457 poterat
1554 2368 1588 2436 in
1622 2363 1836 2442 Pontificem,
1874 2363 1930 2451 qui

600 2488 766 2558 neminem
792 2488 1005 2577 superiorem
1022 2490 1139 2560 habuit
1164 2491 1199 2560 in
1224 2489 1434 2560 caerimoniis
1468 2495 1501 2562 δι
1535 2485 1750 2579 religionibus
1787 2481 1930 2572 publicis

601 2602 812 2676 sanctissime
838 2609 1002 2693 tuendis,
1026 2615 1060 2681 δι
1085 2611 1119 2680 in
1146 2607 1394 2700 precationibus
1429 2607 1635 2678 solemnibus
1661 2605 1713 2693 pie
1736 2608 1769 2674 8(
1807 2603 1930 2673 decore

598 2721 792 2812 faciendis5
816 2726 876 2818 qui
902 2727 1012 2796 animo
1038 2751 1118 2798 vere
1143 2727 1269 2816 pudico
1295 2727 1350 2800 die
1375 2717 1540 2798 mercurii¹
1557 2749 1675 2798 carnes
1714 2748 1783 2794 non
1807 2722 1929 2810 edere,

595 2843 649 2924 die
675 2863 786 2917 autem
813 2847 946 2918 veneris
973 2845 1059 2916 nihil
1094 2866 1231 2939 gustare
1259 2868 1390 2937 praeter
1415 2847 1568 2939 legumen
1593 2850 1627 2918 bc
1653 2843 1778 2926 olera,
1807 2864 1853 2920 „ac
1878 2839 1930 2911 die

595 2962 729 3034 demum
754 2968 885 3039 saturni
912 2991 1016 3039 coena
1062 2967 1199 3058 penitus
1234 2969 1399 3038 abstinere
1436 2969 1695 3041 consueveram
1728 2962 1788 3056 qui
1821 2959 1876 3031 vel
1909 2983 1931 3028 a
2028 2969 2031 2976 '

597 3083 726 3156 teneris
752 3075 1056 3177 annis'singularia
1081 3087 1220 3158 dederat
1259 3085 1481 3155 castimoniae
1517 3089 1550 3155 δι
1585 3084 1720 3172 pietatis
1754 3077 1931 3168 exemplu

598 3201 724 3294 quique
750 3201 797 3271 nil
821 3205 1006 3293 scribebat,
1032 3227 1070 3277 nt
1096 3231 1138 3277 ex
1164 3207 1237 3298 ejus
1264 3205 1383 3275 litteris
1414 3203 1553 3296 intelligi
1584 3220 1718 3293 potest,
1752 3198 1846 3290 quod
1881 3221 1932 3267 ar·

598 3318 680 3388 dens
714 3322 864 3392 studium
900 3328 1044 3396 tuendae
1080 3323 1279 3396 Catholicae
1310 3323 1487 3414 religionis
1523 3347 1593 3393 non
1627 3321 1794 3410 spiraret.
1835 3315 1869 3385 Si
1895 3315 1930 3384 irr

599 3441 797 3529 quibusdam
823 3446 919 3514 rebus
946 3446 1110 3514 rationem
1145 3445 1198 3513 sui
1224 3443 1410 3527 commodi,
1435 3465 1582 3534 suaeque
1607 3435 1839 3510 obleuarianis
1865 3433 1933 3503 du-

600 3557 677 3644 xit,
701 3561 731 3628 si
757 3563 898 3632 nimium
924 3563 1065 3634 indulsit·
1086 3561 1221 3652 legatis
1248 3560 1340 3646 suis,
1369 3561 1429 3652 qui
1462 3583 1519 3636 ses
1558 3583 1673 3630 sacras
1712 3554 1847 3630 venales
1871 3553 1933 3622 ha·

601 3677 769 3764 buerunt,
794 3679 824 3747 si
849 3682 984 3751 minime
1008 3681 1189 3772 castigavit
1216 3679 1439 3771 quorumdam
1469 3678 1723 3761 temeritatem,
1762 3675 1822 3767 qui
1861 3671 1934 3746 nul·

519 3882 521 3886 ι
600 3797 669 3867 lum
686 3797 834 3898 'omnino
857 3819 1035 3890 quaestum
1055 3799 1276 3871 Pontificibus
1303 3797 1453 3868 illicitum
1471 3819 1545 3866 esse
1562 3795 1803 3886 praedicabant
1820 3795 1932 3884 (122),

602 3914 632 3983 si
657 3933 808 4006 sumptus
833 3921 957 3989 effusos
994 3920 1142 4004 amavit,
1181 3919 1210 3988 si
1235 3912 1382 3988 lnimium
1420 3915 1564 3988 liberalis
1596 3921 1628 3988 aa
1658 3913 1832 4006 indulgens
1868 3912 1932 3983 suit

601 4033 637 4104 in
663 4059 764 4122 suos,
792 4037 821 4106 si
845 4037 977 4108 minime
1005 4037 1149 4109 evitavit
1176 4037 1455 4125 reprehensiones
1481 4035 1745 4122 maledicorum,
1778 4035 1932 4126 quinon

601 4153 720 4225 decere
744 4156 938 4227 Pontificem
972 4155 1193 4244 dictitabant,
1218 4155 1340 4228 habere
1367 4135 1594 4228 cubicularios
1616 4149 1772 4235 ‘aetate,
1812 4175 1932 4242 genere

600 4277 634 4346 dr
661 4275 768 4346 forma
794 4273 980 4354 florentes,
1005 4280 1039 4344 ar
1065 4297 1141 4344 cum
1167 4275 1207 4344 iis
1233 4270 1438 4348 familiariter
1457 4277 1559 4346 etiam
1578 4271 1730 4352 cauillari
1755 4279 1788 4343 bt
1811 4268 1931 4360 jocari,

604 4395 632 4462 si
666 4395 788 4463 scutris
829 4392 1085 4482 oblectabatur,
1114 4396 1146 4466 si
1180 4393 1313 4466 ridendi
1351 4395 1523 4466 materiem
1561 4395 1768 4484 quaerebat,
1809 4388 1933 4478 culpari

605 4511 763 4604 quidem,
791 4513 822 4584 si
849 4512 953 4602 libet)
990 4516 1075 4590 haec
1100 4531 1290 4608 poterunt,
1320 4513 1379 4587 sed
1409 4535 1479 4586 nou
1503 4513 1550 4586 ita
1574 4533 1716 4600 severe,
1742 4529 1780 4584 ut
1806 4511 1841 4580 in
1860 4530 1935 4620 usn·

1708 4623 1709 4626 '
1819 4627 1886 4696 Spl·
