4392 5838
1599 703 1668 778 292

420 849 425 860 ·
468 805 523 875 tit,
548 805 704 886 jugiterque
730 823 894 868 conterret.
920 804 1045 866 Prolebo
1066 805 1120 866 sisi
1141 805 1193 864 liat
1215 805 1310 866 irslale
1330 805 1441 866 uirtutis
1464 795 1498 868 ὁ·
1526 779 1709 867 continentiae
1757 853 1762 862 .

466 913 570 988 suisset
593 915 667 978 Leo,
699 927 731 968 ut
759 927 892 987 respueret
921 930 1013 968 omnes
1045 915 1217 985 voluptates,
1246 931 1330 987 neque
1364 911 1592 975 Herculaniuns,
1622 928 1711 983 neque

471 1015 707 1082 Branlolinium,
730 1035 817 1090 neque
837 1019 991 1073 innumeros
1014 1016 1109 1080 alias,
1129 1017 1177 1090 qui
1198 1035 1258 1074 eura
1282 1020 1349 1075 bene
1365 1029 1503 1074 'noverunt
1520 1059 1527 1082 ,
1544 1031 1665 1088 quosque
1687 1014 1717 1068 in

474 1123 594 1179 medium
615 1117 713 1199 afferre
730 1141 852 1194 possem,
874 1121 1145 1196 alassentationem
1167 1123 1289 1180 anilitas
1309 1123 1379 1180 aleo
1396 1119 1488 1194 fuisse
1503 1119 1718 1183 arbitrabimur,

475 1241 507 1281 ut
526 1227 706 1287 oonsenserint
727 1226 756 1280 in
778 1227 923 1282 tribuenda
947 1225 1034 1284 Leoni
1057 1226 1155 1290 laute,
1173 1227 1203 1282 in
1218 1244 1273 1298 qua
1289 1225 1429 1300 perspicue
1445 1227 1615 1284 mendacium
1633 1238 1725 1282 esset.

399 1325 429 1406 (8
437 1347 450 1401 5
451 1328 467 1403 )
488 1307 589 1386 Petrus
610 1328 744 1384 Aretinus
762 1338 934 1400 perpendens.
951 1345 1024 1400 quae
1044 1331 1104 1401 ipse
1125 1330 1242 1386 contulit
1272 1329 1399 1407 beneficia
1432 1331 1461 1386 in
1485 1329 1611 1386 ridendos
1632 1327 1722 1384 bomi-

408 1459 419 1478 r
480 1449 544 1498 nes,
571 1431 670 1503 quibus
690 1419 892 1511 oblesbabatur,
914 1425 949 1491 ὁ·
969 1434 999 1490 in
1019 1449 1087 1498 eos,
1123 1433 1171 1504 qui
1203 1431 1306 1490 litteris
1323 1451 1357 1490 se
1378 1450 1407 1488 se
1422 1432 1576 1491 ¹delerant.
1599 1431 1667 1488 baec
1689 1433 1721 1491 de

482 1554 516 1594 eo
535 1537 686 1604 maledice,
710 1553 760 1592 suo
780 1553 874 1598 mort,
893 1537 1022 1608 scripsit.
1044 1537 1067 1594 E
1088 1534 1172 1593 besto
1191 1534 1282 1600 colui,
1305 1531 1358 1594 che
1378 1534 1393 1592 ὲ
1416 1553 1521 1614 puzzo,
1543 1533 1645 1594 enelia
1659 1555 1723 1614 paz.

478 1637 523 1698 aia
544 1657 593 1698 sua
616 1637 761 1716 corripiare
783 1658 798 1695 a
819 1656 865 1702 se,
889 1636 926 1696 ad
947 1637 1012 1712 altri
1033 1658 1049 1693 e
1071 1659 1086 1694 a
1107 1657 1136 1694 ss
1157 1653 1263 1698 stesso.
1279 1638 1462 1694 Certamente
1480 1639 1572 1694 Leone
1589 1634 1725 1718 ebbeuna
1750 1690 1754 1701 ,

399 1780 404 1788 ·
474 1758 576 1802 natura
596 1740 632 1800 da
653 1756 760 1800 stremo
780 1759 796 1798 a
816 1757 940 1804 stremo,
962 1759 978 1796 e
1000 1757 1057 1796 non
1080 1739 1150 1799 saria
1171 1759 1239 1819 opta
1261 1739 1290 1798 d'
1310 1759 1429 1818 ognuno
1458 1739 1477 1798 il
1509 1740 1652 1820 giudicare
1678 1738 1726 1798 chi

479 1844 530 1924 piu
552 1843 591 1926 gli
614 1841 778 1909 dilettasse,
799 1861 818 1901 o
838 1841 865 1902 ln
886 1842 964 1903 virtu
985 1842 1030 1900 dei
1052 1843 1146 1910 dotti,
1167 1863 1186 1902 o
1207 1845 1233 1902 le
1254 1843 1360 1902 ciancie
1383 1842 1427 1901 de'
1440 1838 1567 1907 butoni,
1588 1861 1603 1900 e
1624 1841 1655 1900 di
1676 1842 1724 1916 qib

483 1943 511 2006 fa
532 1942 596 2003 fede
615 1945 637 2004 il
660 1966 710 2006 suo
732 1965 798 2006 aser
820 1946 888 2006 dato
908 1947 955 2005 all'
966 1965 1021 2006 una
1037 1945 1113 2004 eall'
1125 1945 1195 2004 altra
1216 1946 1324 2027 specie,
1346 1943 1495 2004 cenitando
1513 1961 1594 2004 tanto
1615 1943 1726 2028 questi,

396 2079 400 2086 ·
479 2067 588 2130 quanto
608 2050 731 2131 quegli.
1385 2129 1387 2136 Ι

398 2154 464 2236 (tt)
494 2156 566 2216 Vile
593 2140 772 2212 Valerianum
794 2151 830 2210 rie
853 2152 1055 2212 Littetatosum
1076 2149 1265 2210 infelicitate.
1289 2153 1394 2212 Eodem
1416 2171 1558 2226 tempore,
1575 2171 1633 2229 quo
1646 2155 1727 2212 libar-

485 2260 572 2318 cellas
602 2259 742 2333 rugitus
763 2259 832 2315 lona
852 2260 929 2320 desiit
961 2259 1048 2317 Leoni
1084 2240 1262 2316 Dioscuridis
1295 2257 1569 2331 interpretationem,
1606 2257 1727 2318 Manent

485 2363 618 2420 leontius
640 2363 742 2421 obtulit
761 2367 788 2421 ei
810 2365 1060 2425 interpretationem
1089 2361 1273 2442 Hippocratis
1295 2359 1360 2417 libri
1381 2357 1416 2417 de
1446 2359 1614 2438 vagantibus
1642 2357 1731 2438 vulgo

437 2515 439 2520 .
484 2465 608 2532 morbis,
631 2471 658 2522 &
682 2465 810 2524 Basilius
833 2465 1012 2524 Chalcondila
1042 2465 1178 2522 historiae
1200 2461 1347 2538 Appianis
1375 2475 1454 2520 extat
1485 2464 1514 2520 in
1538 2461 1728 2520 laurentiana

434 2583 439 2594 ·
482 2569 662 2627 Bibliotheca
684 2566 758 2626 eod.
784 2587 829 2626 ιι.
851 2568 928 2625 Piut.
951 2585 998 2642 73.
1021 2567 1053 2624 In
1073 2569 1167 2625 eodem
1186 2567 1288 2625 Plutco
1308 2566 1382 2627 Cod.
1408 2575 1453 2641 38.
1474 2579 1553 2624 extat
1573 2567 1659 2622 etiam
1679 2563 1728 2620 Ju·

487 2673 561 2730 liani
586 2671 670 2729 Tanii
692 2671 764 2727 liber
783 2671 816 2726 le
838 2667 938 2726 morbo
960 2668 1065 2748 gallico
1084 2691 1143 2726 cum
1162 2672 1307 2744 prooemio
1328 2672 1366 2728 ab
1390 2670 1531 2734 Leonem,
1554 2659 1588 2727 θ’
1610 2665 1732 2722 Bernar-

485 2776 514 2834 lt
539 2775 639 2832 Tornii
659 2773 732 2832 liber
751 2769 787 2830 de
803 2770 907 2830 tuenda
929 2771 1048 2828 sanitate
1071 2769 1144 2830 eod.
1169 2791 1213 2848 3⁴·
1235 2773 1288 2832 Est
1307 2791 1413 2850 quoque
1434 2773 1554 2854 eiusdem
1580 2770 1677 2829 Tornii
1696 2769 1733 2830 lt·

488 2879 538 2937 ber
556 2879 594 2936 al
616 2877 735 2934 leonem
756 2871 793 2932 de
813 2871 884 2930 cibis
905 2869 1212 2954 quadragesimalibus.

412 2980 479 3058 (27)
499 2981 553 3038 Est
572 2982 602 3038 in
623 2978 748 3037 manibus
770 2977 908 3036 bominum
937 2976 1049 3035 Valarii
1069 2997 1154 3050 opus.
1177 2981 1209 3037 de
1236 2977 1418 3056 Sterponiano
1438 2998 1501 3040 uero
1521 2981 1584 3040 uide
1605 2978 1733 3036 Laurens

486 3085 522 3143 tii
543 3082 647 3140 Melius
670 3077 880 3154 Praefationem
903 3079 941 3135 ab
960 3077 1103 3138 Ambrosii
1129 3081 1305 3144 Trauersarii
1329 3083 1463 3160 epistolas
1492 3103 1558 3160 pag.
1592 3101 1639 3156 54.
1667 3079 1734 3138 Non

436 3181 442 3193 ⁸
462 3205 470 3217 ·
489 3188 512 3245 ii
532 3187 631 3252 malo,
655 3183 704 3242 sel
720 3193 854 3258 quotquot
874 3182 906 3240 le
929 3183 1079 3243 Laurentio
1109 3187 1242 3246 Melitta
1263 3189 1450 3263 scripserunt,
1470 3188 1500 3246 in
1520 3199 1566 3246 'eo
1592 3203 1732 3246 consense-

490 3303 552 3348 ntnt
572 3290 683 3364 elogio,
708 3295 761 3345 no'n
783 3287 855 3346 satis
875 3300 1019 3371 ¹constare,
1036 3289 1102 3362 plus
1123 3309 1156 3348 ne
1178 3292 1238 3371 ep'us
1261 3292 1349 3350 uirtus
1371 3293 1400 3350 in
1422 3291 1515 3362 bella,
1536 3309 1574 3348 an
1606 3291 1637 3349 in
1664 3304 1739 3363 pase

480 3393 637 3467 sapientia
657 3411 691 3450 as
711 3391 865 3450 moderatio
886 3392 1042 3450 enituerit.
1071 3393 1148 3450 Nam
1183 3409 1239 3450 rem
1270 3391 1481 3461 Florentinum,
1511 3410 1592 3468 saepe
1620 3394 1738 3452 aduersa

487 3494 606 3570 fortuna
628 3507 770 3552 nutantem
790 3491 977 3576 corfirmauitl,
998 3495 1133 3554 interdum
1154 3493 1238 3554 malis
1259 3497 1590 3571 propeexrinbiamunus
1607 3495 1668 3568 ipse
1683 3511 1740 3551 non
1776 3502 1780 3508 '

494 3600 576 3656 malo
597 3599 735 3664 restituit,
758 3617 851 3658 uenum
871 3599 958 3656 etiam
978 3596 1154 3656 veliementer
1171 3599 1270 3657 auxit.
1295 3598 1469 3673 Tranquillis
1486 3615 1551 3655 uero
1568 3598 1645 3655 rebus
1657 3611 1741 3654 orma·

492 3702 534 3760 uit
551 3701 673 3775 patriam
695 3719 728 3757 at
748 3699 867 3758 muniuit
887 3699 994 3776 legibus
1015 3703 1146 3775 optimis,
1167 3716 1251 3778 atque
1273 3704 1434 3762 institutis:
1456 3701 1598 3780 justitiam
1626 3709 1742 3774 praeter

493 3817 595 3862 ceteros
617 3821 650 3860 ac
670 3805 879 3879 temperantiam
898 3805 1008 3879 publice
1027 3804 1339 3880 priuatimquetoluit:
1358 3804 1533 3878 liberalitate
1553 3805 1578 3861 si
1599 3797 1665 3877 quis'
1682 3820 1732 3859 un·

496 3924 581 3980 quens
603 3906 751 3964 leleblatus
773 3921 829 3972 est.
850 3907 926 3986 eup'us
948 3907 1030 3982 sama
1052 3907 1218 3981 longinquas
1249 3907 1371 3982 regiones
1395 3921 1568 3982 peruagata,
1600 3905 1734 3963 barbaras

492 4008 580 4067 etiam
600 4019 713 4082 gentes,
734 3997 770 4066 ὁ·
791 4007 925 4081 religione
947 4009 1069 4067 diuersas
1091 4007 1138 4066 illi
1159 4007 1344 4074 conciliarit,
1365 4009 1535 4083 multosque,
1556 4008 1654 4083 aliqua
1674 4027 1731 4066 mo·

494 4111 528 4168 lo
547 4110 670 4175 virtute,
691 4106 813 4164 nobilius
833 4120 894 4166 arte
914 4109 1036 4185 insigues
1057 4111 1089 4167 in
1107 4112 1200 4169 urbem
1223 4109 1397 4170 Florentiam
1420 4095 1574 4186 perluxit,
1609 4109 1736 4168 Domum

495 4213 595 4286 quanti
615 4211 690 4270 illul
705 4208 889 4285 faciendum,
921 4213 996 4287 quod
1015 4213 1144 4272 miseram
1168 4211 1337 4279 Graeciam,
1356 4215 1414 4272 suis
1436 4216 1546 4274 sedibus
1567 4213 1739 4271 Otbamana·
1774 4211 1779 4224 ¹

498 4331 557 4370 nam
578 4312 685 4390 injuria
703 4312 833 4388 pulsam,
852 4313 1002 4389 supplicem
1022 4329 1106 4391 arque
1134 4329 1255 4391 egentem
1277 4316 1398 4391 bospitio
1420 4318 1550 4391 excepit,
1571 4316 1746 4390 benignitate

469 4443 471 4450 ·
495 4411 682 4484 tartessus,
707 4429 841 4492 perpetuo
861 4415 953 4475 sarbia
968 4417 1064 4492 sarit,
1086 4437 1119 4477 ac
1139 4431 1245 4480 tutatur
1266 4433 1321 4488 est,
1344 4421 1384 4479 sis
1408 4433 1527 4482 arunas
1548 4439 1609 4479 eam
1632 4420 1744 4478 laudern

406 4559 410 4569 .
500 4515 556 4574 sibi
577 4518 719 4578 uindicare
736 4521 845 4595 possit,
876 4523 950 4595 qual
971 4518 1095 4579 Graecas
1115 4519 1242 4588 litteras,
1265 4511 1299 4581 ό
1316 4523 1463 4596 praeclara
1484 4523 1666 4584 transeam
1687 4541 1746 4581 om·

499 4620 576 4678 nium
597 4621 691 4690 studia
712 4621 819 4681 Italiae
841 4623 1013 4682 reddiderit!
1031 4623 1114 4700 Quae
1135 4643 1183 4680 nos
1201 4623 1387 4699 'pluribusin
1414 4627 1493 4688 iilius
1513 4628 1572 4686 uita
1594 4627 1747 4698 declarasti·¹

452 4807 460 4816 ἱ
496 4742 575 4792 nus,
605 4723 690 4784 libuit
715 4722 766 4784 bos
798 4723 858 4782 loco
892 4723 1010 4786 breuiter
1026 4725 1196 4803 striblimque
1215 4729 1377 4806 attingere.
