4386 5838
1419 527 1430 560 N

711 629 742 696 V
840 629 853 698 l
950 627 982 697 T
1077 627 1109 698 Α
1502 637 1568 720 112

213 769 242 836 '.
289 745 404 832 noris,
440 745 689 820 verumetiam
714 746 844 818 minimi
868 749 971 822 errati
996 747 1189 836 suspicione
1226 743 1507 824 remotissimam.
1545 753 1619 848 lloc

290 869 466 938 maximam
494 868 744 958 admirationem
769 868 915 940 movisse
941 886 1087 942 testatur
1112 869 1289 955 Grassius,
1316 870 1397 962 quia
1435 872 1465 942 si
1501 848 1620 940 Cordi·

167 1031 168 1034 =
269 985 408 1086 ¹realis,
443 979 554 1080 inquit
579 985 658 1076 ille,
684 1005 750 1058 ram
770 989 949 1084 prudens,
976 1011 1041 1062 tam
1066 1011 1227 1086 mnus,
1264 1007 1329 1062 ram
1352 994 1506 1064 cordatus
1530 1015 1619 1064 corr·

293 1110 487 1203 spirationis
513 1129 587 1183 reas
602 1108 726 1200 suisset
741 1160 752 1194 ,
770 1111 919 1205 proseria
944 1111 1017 1202 ipse
1039 1109 1103 1184 sibi
1136 1110 1225 1204 sugo
1260 1111 1483 1184 consuluisset
1544 1116 1622 1185 Non

266 1238 270 1246 ⁴
291 1227 497 1312 defuerunt,
519 1231 577 1322 qui
602 1231 778 1319 dicerent,
801 1231 988 1304 levissimae
1005 1228 1215 1326 coniedlurae
1239 1234 1273 1302 dt
1298 1233 1486 1320 suspicioni
1510 1231 1624 1305 locunt

294 1348 424 1420 dedisse
448 1351 663 1438 Pontificem,
689 1369 728 1422 ut
751 1351 963 1436 vindicaret,
989 1374 1076 1441 quae
1101 1351 1293 1422 acciderant
1327 1351 1362 1420 in
1390 1353 1625 1456 conjuratione
1650 1405 1651 1413 κ

295 1469 474 1555 Pailiana,
495 1472 552 1542 cui
571 1494 723 1542 caussam
750 1470 907 1541 attulisse
932 1470 1017 1566 Sirmi
1040 1473 1095 1540 IV.
1118 1472 1282 1546 effrenata
1307 1471 1471 1557 ambitio,
1504 1475 1537 1542 sc
1566 1471 1625 1561 ip-

294 1589 367 1660 sius
390 1589 578 1662 Cardinalis
602 1589 760 1685 juvenilis
787 1590 1014 1680 imprudentia
1038 1592 1245 1680 putabatur.
1275 1592 1443 1664 Haerebat
1466 1589 1553 1662 euim
1578 1587 1626 1660 illi

293 1708 330 1782 in
349 1697 548 1784 visceribus
564 1735 655 1782 mors
679 1711 804 1784 iuliani
830 1714 960 1802 patrui,
982 1717 1020 1783 δι
1044 1708 1186 1783 vubtera
1217 1705 1343 1783 indidit
1366 1709 1551 1784 Lairrentio
1571 1733 1643 1800 pat-i
1667 1778 1668 1781 ,

293 1833 361 1920 tri.
388 1836 483 1904 Hanc
507 1833 703 1923 opinionem
738 1833 936 1904 confirmare
975 1831 1112 1904 videtur
1141 1829 1332 1916 Grassius,
1369 1835 1486 1924 aiens.-
1524 1831 1627 1926 Papo

294 1967 425 2048 semper
448 1951 566 2025 babuit
587 1951 727 2024 coleram
749 1969 865 2024 contro
891 1951 1098 2026 Cardinalem
1119 1951 1154 2023 S.
1180 1951 1341 2046 Georgii,
1375 1973 1476 2044 quem
1508 1951 1632 2021 Cardi-

294 2071 414 2147 nalatu
440 2092 560 2162 postea
583 2071 753 2163 privavit,
778 2097 971 2166 quanquam
996 2074 1075 2144 dum
1100 2071 1193 2142 illurn
1222 2071 1366 2162 pristino
1391 2068 1629 2162 honorip'aul·

296 2187 332 2264 lo
357 2207 436 2282 post
461 2209 586 2282 sponte
606 2191 785 2279 restituit,
810 2217 880 2264 non
900 2194 1011 2264 solum
1034 2193 1279 2264 humanitatem
1299 2242 1309 2278 ,
1333 2190 1393 2263 sed
1429 2193 1531 2262 etiarn
1555 2192 1632 2262 ani·

297 2313 345 2384 mi
369 2309 585 2384 altitudinem
611 2335 690 2404 prae
714 2336 752 2384 se
775 2315 881 2388 tulit.
907 2313 1116 2404 Amplediens
1142 2315 1229 2386 enim
1254 2319 1288 2387 bt
1326 2311 1489 2385 osculans
1525 2335 1632 2398 eum,

296 2430 377 2506 dum
397 2456 466 2506 rem
491 2433 641 2506 divinam
667 2432 810 2508 faciebat
834 2436 889 2509 die
910 2433 1024 2507 Natali
1048 2436 1186 2506 Domini
1210 2419 1334 2518 sacro,
1351 2435 1436 2505 haec
1450 2431 1633 2518 Grassius,

297 2555 360 2650 qui
384 2553 523 2642 aderat,
549 2576 628 2630 curo
663 2551 814 2626 lacrimis
836 2555 964 2628 dixisse
988 2571 1165 2626 restatru:
1195 2556 1487 2629 Reverendissirrre
1510 2551 1635 2625 Domi-

297 2695 366 2750 ne:
391 2693 430 2750 at
453 2676 649 2749 Domiaatio
674 2693 787 2752 uestra
808 2675 931 2748 lrabeat
952 2697 1067 2748 veram
1089 2697 1231 2771 pacem,
1253 2673 1388 2772 plenam
1421 2692 1521 2773 utque
1549 2696 1637 2770 per·-

290 2793 414 2891 feclam
436 2812 505 2870 tam
527 2799 564 2868 in
582 2797 701 2890 faeie,
724 2817 823 2892 qaam
849 2797 885 2866 in
908 2796 1032 2881 corde,
1066 2819 1128 2893 ego
1153 2795 1250 2868 uobis
1278 2794 1368 2868 illam
1393 2794 1563 2866 amancio
1599 2791 1633 2867 ὅ·

292 2915 407 3003 dono,
428 2933 605 3012 praesente
629 2918 685 2996 dia
709 2917 859 2990 Domino
882 2934 996 2989 nemra
1018 2916 1101 2994 Iesu
1128 2917 1258 2990 cansa
1296 2917 1332 2988 in
1356 2911 1515 2989 carried·
1552 2935 1638 2988 sorr-

295 3036 427 3133 gairte‚
452 3038 549 3130 cujus
566 3040 682 3136 gratia
696 3059 757 3134 ego
772 3041 899 3114 remitto
923 3039 1156 3112 Dominationi
1175 3055 1308 3114 vestroe
1324 3035 1637 3110 Reuereudissimae

300 3175 429 3230 omnem
453 3157 636 3249 iujuriam,
659 3160 689 3232 ri
713 3183 812 3258 quam
836 3159 906 3232 ullo
929 3183 1034 3250 cusu,
1057 3177 1118 3234 out
1148 3177 1294 3256 tempore
1318 3173 1433 3232 conae
1465 3177 1520 3228 me
1548 3153 1641 3248 feei·

300 3279 385 3376 stis.
410 3274 443 3350 d
467 3277 543 3353 uice
561 3301 665 3354 verre
689 3282 842 3356 similiter
859 3306 926 3380 per
948 3280 1056 3378 ipsam
1077 3282 1125 3355 Ι).
1151 3279 1200 3354 Ν.
1224 3279 1255 3358 J.
1284 3281 1320 3351 C.
1353 3279 1408 3352 laic
1426 3292 1639 3376 praesentem

243 3431 248 3448 ·
303 3419 385 3496 rogo
409 3395 571 3494 spero,
608 3419 648 3474 ut
686 3422 803 3478 contro
836 3427 887 3477 me
920 3423 1047 3476 omnem
1071 3402 1193 3474 molum
1216 3402 1361 3472 animum
1386 3395 1641 3482 mairiam

190 3533 208 3622 ᾗ.
249 3507 253 3518 “
304 3541 400 3618 quem
423 3519 576 3600 habetis..
600 3525 694 3597 llaec
718 3549 761 3599 ert
786 3523 899 3598 animo
922 3524 1115 3614 proferebat
1138 3521 1298 3616 Pontifex
1306 3547 1322 3610 ;
1343 3543 1422 3593 narn
1446 3542 1524 3594 curn
1547 3533 1637 3590 esset

305 3640 484 3714 elementia
506 3649 538 3716 sc
563 3643 791 3718 misericordia
814 3643 1004 3736 singulari,
1029 3643 1128 3718 facile
1152 3665 1298 3718 mentem
1323 3644 1366 3718 ad
1386 3639 1564 3713 lenitatem
1583 3661 1640 3710 re·

305 3760 474 3832 vocabat.
500 3760 614 3834 Nihilo
637 3781 758 3836 tamen
773 3765 905 3851 murus,
931 3765 1030 3856 quasi
1054 3767 1147 3861 quod
1172 3786 1243 3839 tum
1266 3760 1503 3854 promulgabat
1538 3757 1639 3830 mise·

303 3877 474 3970 ricordiae
498 3883 658 3969 omnine,
684 3885 726 3956 ad
749 3883 967 3959 crudelitatis·
986 3905 1119 3979 tempus
1153 3903 1243 3958 esser
1279 3883 1467 3966 dilaturus,
1502 3875 1639 3946 illarius

305 3999 341 4070 in
365 4001 475 4086 Urbe,
499 4001 560 4076 ubi
589 4003 875 4094 splendidissime,
901 4029 942 4077 ac
965 4005 1293 4099 magnificentissime
1324 4003 1485 4079 vixerat,
1524 3997 1574 4068 sie
1599 4013 1640 4069 ut

298 4121 380 4215 ‚ejus
405 4123 526 4204 domus
551 4127 696 4198 maxum
720 4127 876 4218 quotidie
899 4125 1093 4220 frequentia
1115 4125 1266 4210 civium,
1291 4125 1323 4190 dc
1346 4139 1555 4194 summorum
1578 4119 1644 4190 bo·

306 4239 437 4320 minum
464 4243 646 4334 splendore
669 4245 921 4330 celebraretur,
945 4245 1087 4338 amplius
1112 4263 1186 4316 esse
1206 4242 1342 4328 nastris,
1372 4259 1518 4332 cumque
1555 4239 1646 4311 Nea·

307 4362 411 4452 polim
434 4363 656 4452 secessisset,
679 4366 747 4440 buc
771 4368 807 4440 in
829 4365 909 4440 loeo
931 4379 1019 4445 vin·
1045 4365 1192 4440 id.1otii
1218 4387 1272 4438 an.
1300 4379 1431 4438 muxx.
1447 4353 1542 4435 uitae
1567 4381 1644 4434 cttt·

285 4473 384 4552 'suro
411 4475 560 4572 explevit
584 4483 659 4580 (49)
675 4511 693 4560 .·
1342 4515 1345 4522 ’
1436 4503 1440 4511 ’
