4472 5828
786 683 819 748 V
917 685 931 750 1
1027 681 1058 750 Τ
1157 675 1186 748 lt
1621 703 1641 770 9

353 801 421 882 dent
444 817 618 896 susceptus
649 798 759 870 multis
797 801 993 894 magnisque
1025 779 1213 916 praesagiis
1247 801 1284 873 in
1317 799 1404 871 banc
1447 799 1571 872 erudiri
1609 815 1700 924 spent
1786 889 1789 896 .

353 927 482 1022 coepit.
506 917 553 997 Et
575 923 729 1022 quoniam
754 918 821 998 tale
845 901 884 991 ‹le
908 945 945 994 se
969 923 1134 1032 specimen
1170 921 1290 1008 dabat,
1314 939 1354 994 ut
1389 924 1487 996 istius
1522 922 1591 1010 jans
1626 935 1707 987 tunr-
1796 991 1800 994 .

355 1046 489 1118 uirtutis
508 1045 637 1137 faceret
654 1021 778 1144 fidem,
815 1042 1005 1138 compulsus
1033 1043 1127 1135 sama
1162 1031 1357 1118 Ludauictas
1393 1041 1450 1116 ille
1491 1041 1697 1112 Francorum

355 1169 639 1262 sapientissimus,
673 1165 821 1258 idemque
859 1163 1084 1236 sanciissintus
1118 1166 1216 1276 Rex,
1251 1189 1294 1237 ne
1318 1165 1435 1235 summi
1459 1161 1589 1259 quidem
1620 1157 1695 1229 Ar·-

355 1285 620 1384 cltiepiscopatns
639 1286 786 1394 fastigio
806 1284 977 1394 indignum
1002 1286 1134 1357 branc
1123 1307 1231 1380 rpsum
1263 1283 1368 1398 plone
1399 1282 1525 1353 adbuc
1552 1299 1697 1376 puerum

355 1421 407 1478 est
429 1405 627 1477 arbitratus.
653 1403 754 1510 lllum
779 1422 823 1474 tu·
840 1407 945 1518 igitur
967 1390 1069 1478 labes
1095 1407 1218 1502 Regem
1243 1403 1418 1518 collatae
1407 1403 1505 1474 trtius
1543 1401 1695 1496 dignito·

354 1528 398 1600 tis
420 1521 666 1625 praelatorem.
697 1525 811 1600 Telon
837 1511 914 1600 liert
939 1528 1100 1597 martinus
1125 1547 1286 1610 exorsus,
1311 1546 1408 1620 quant
1429 1518 1591 1611 Pontifex
1612 1519 1696 1590 Ma·

354 1649 462 1721 trimus
484 1665 692 1744 perterreret.
731 1625 874 1720 Audires
906 1651 1031 1718 utinam
1058 1668 1181 1731 voces,
1206 1645 1323 1736 fausta
1348 1642 1409 1716 tibi
1433 1637 1579 1714 nunc&
1608 1659 1694 1734 pro·
1763 1695 1764 1698 ,

347 1789 452 1862 spero
476 1769 653 1838 ominonris
687 1749 873 1878 florentini
895 1765 1040 1876 populi.
1067 1770 1246 1882 Aspiceres
1274 1767 1469 1865 gestientem
1502 1759 1624 1856 ubique
1663 1755 1695 1829 b

353 1904 602 1959 concursantem
628 1891 664 1960 in
688 1891 783 1960 atriis
808 1892 951 1975 nostris,
977 1911 1017 1959 ae
1040 1886 1195 1960 loetitiae
1211 1911 1293 1962 suae
1327 1889 1536 2006 impotentem
1571 1884 1695 1957 ciuium

354 2005 613 2094 multitudinem,
633 2008 864 2106 plebemque
854 2031 959 2104 ipsam
981 2011 1039 2079 nix
1056 2010 1215 2102 gaudium
1241 1997 1424 2103 cupienten
1447 2007 1587 2082 animis.
1612 1997 1696 2076 Non
1801 2035 1803 2038 ·

342 2145 451 2197 -senes
471 2130 645 2222 gravitas,
671 2151 738 2199 non
764 2145 931 2200 matronas
952 2129 1083 2222 pudor,
1108 2149 1175 2197 non
1197 2115 1322 2220 pueros
1348 2123 1522 2218 infimitas
1536 2123 1578 2196 ab
1592 2119 1695 2214 officia

305 2299 310 2308 .
354 2239 517 2318 retardat.
545 2245 725 2342 Conflnunt
750 2223 785 2320 in
810 2227 907 2322 aedes
933 2249 1086 2320 Medicas
1112 2267 1211 2318 sexus
1232 2264 1388 2339 aetasque
1424 2247 1562 2331 annis,
1590 2245 1698 2316 amnis

356 2361 535 2452 bucardo,
552 2385 590 2439 ur
603 2369 649 2438 od
656 2370 812 2462 priuatos
830 2351 1099 2452 necessitudines,
1111 2381 1313 2462 properant.
1328 2361 1401 2435 Pro
1415 2387 1454 2436 se
1471 2361 1610 2460 quisque
1624 2367 1699 2460 pri·

355 2485 399 2554 mi
423 2485 558 2557 boante
582 2487 689 2559 oculis
713 2465 878 2582 aspasium
903 2491 984 2560 novi
1011 2485 1196 2559 cardinalis
1215 2485 1410 2603 sesanam,
1432 2481 1606 2572 eruimur,
1636 2507 1698 2556 oo·

355 2603 562 2696 riserantnr,
588 2629 706 2680 nantes
728 2610 774 2680 ad
797 2608 923 2682 caelum
947 2591 1114 2696 tendunt,
1138 2609 1319 2704 propitium
1347 2605 1408 2682 tibi
1443 2599 1579 2692 Deum,
1611 2626 1698 2700 pro

354 2747 454 2818 spero
477 2727 688 2836 secundaque
711 2732 822 2798 omnia
844 2746 1114 2836 comprecantur.
1139 2730 1213 2800 Pro
1238 2746 1297 2801 teta
1319 2727 1377 2800 uel
1398 2725 1531 2812 solua,
1556 2723 1614 2798 uel
1636 2725 1696 2796 tr·-

352 2848 483 2936 gnitate
507 2865 587 2918 uato
606 2868 749 2943 prorsus
774 2845 816 2917 ab
840 2829 993 2920 omnibus
1017 2849 1264 2962 suscipiuntur
1290 2837 1369 2919 Nec
1392 2847 1548 2941 estquod
1566 2866 1693 2932 annos,

355 2984 395 3032 ac
421 2962 549 3036 natales
575 2950 763 3038 cardinalis
787 2971 892 3039 nostri
917 2967 1114 3053 numereris,
1138 2969 1247 3038 uirtus
1273 2959 1427 3037 illibate
1461 2963 1546 3036 dler't
1586 2965 1696 3036 conm-

301 3123 306 3128 ·
352 3083 422 3176 git.
457 3079 516 3154 Ne
550 3081 683 3169 dubita,
726 3085 909 3176 Pontifex,
945 3089 1014 3180 imp
1015 3083 1096 3157 lebit
1126 3085 1240 3184 utique
1272 3101 1447 3181 augustam
1481 3105 1694 3182 purpurans

256 3215 262 3222 “
356 3201 439 3274 Non
464 3201 526 3272 sub
547 3201 655 3297 galeti
675 3205 823 3297 pondere
864 3203 1061 3294 anhelabit,
1101 3228 1168 3276 non
1200 3197 1334 3301 'fulgore
1370 3204 1530 3301 caligabit
1568 3205 1693 3292 raiatia,

355 3345 423 3424 non
449 3321 631 3392 indecorem
665 3341 737 3396 eunt
762 3309 1035 3412 samosetanus,
1061 3347 1128 3398 non
1153 3321 1308 3422 inparem
1333 3342 1426 3401 tanto
1439 3327 1580 3421 fastigio
1605 3325 1695 3396 reci-

352 3441 450 3536 pies.
476 3437 550 3516 Jam
575 3461 665 3511 nunc
678 3440 790 3540 amplo
809 3446 987 3532 majestas,
1010 3439 1076 3534 iarn
1099 3445 1195 3517 solito
1220 3449 1324 3537 major
1346 3446 1499 3540 species.
1527 3441 1698 3522 Constabit

354 3561 441 3630 ratio
461 3559 594 3656 collegis
617 3557 677 3631 lati
695 3548 869 3659 suffugii,
892 3585 953 3634 nec
977 3581 1010 3638 te
1025 3553 1180 3661 'unquam
1194 3587 1346 3653 ,summe
1365 3564 1527 3656 Pontifex
1544 3554 1689 3656 ,iudiciis

355 3679 557 3775 poenitebit.
582 3681 661 3754 Hoc
696 3680 757 3752 tibi
790 3683 942 3771 nomine,
965 3685 1054 3780 quod
1089 3707 1191 3756 unum
1229 3685 1345 3771 valeo,
1367 3684 1539 3781 gratulor,
1564 3691 1694 3780 egoque

353 3803 484 3896 gratias
509 3799 571 3875 bt.
596 3803 782 3876 Verebatur
806 3806 1031 3891 Laurentius,
1056 3799 1098 3880 ne
1124 3807 1277 3899 publicae
1306 3808 1386 3880 illae
1422 3805 1533 3898 gaudii
1569 3797 1713 3896 signifi·'

357 3921 506 3994 rabones
528 3923 736 3994 offenderent
761 3926 931 3997 Pontificis
957 3928 1126 4013 inimum,
1149 3919 1284 4019 qua'de
1309 3949 1344 3998 re
1370 3949 1448 3998 curn
1468 3927 1628 4001 scriberet
1649 3924 1692 3996 ad
1787 3969 1791 3977 -

277 4098 283 4106 .
354 4025 568 4136 Reipublicae
599 4031 811 4114 Florentinae
846 4045 1042 4137 Legatum,
1056 4066 1127 4118 non
1153 4071 1195 4118 ex
1219 4045 1395 4121 voluntate
1428 4068 1492 4116 sua
1522 4043 1598 4115 illas
1630 4041 1691 4114 fa·

293 4167 306 4194 “·
355 4157 426 4232 bias
451 4161 557 4236 fuisse
581 4164 653 4249 ait,
679 4186 873 4255 quanquam
899 4167 933 4236 in
957 4185 1056 4237 tanta
1080 4167 1208 4240 laetitia
1244 4153 1386 4239 turillae
1417 4163 1566 4240 civitatis
1604 4181 1723 4234 tem·-

355 4300 471 4367 perare
495 4283 556 4354 sibi
602 4307 622 4354 a
657 4281 814 4368 lacrymis
841 4307 921 4373 prae
943 4285 1067 4376 gaudio
1092 4285 1224 4357 minime
1248 4286 1442 4374 potuisset.
1479 4282 1567 4352 Nihil
1607 4305 1691 4353 vero
1799 4351 1802 4358 .

353 4400 426 4468 aab
451 4400 537 4490 egit,
562 4417 601 4471 ut
625 4401 785 4471 Pontifex
809 4401 934 4489 citius,
959 4428 1062 4496 quam
1086 4421 1276 4490 statuerat,
1301 4403 1497 4474 beneficium
1517 4423 1637 4480 suum,
1657 4399 1692 4470 in

338 4519 444 4590 ‘omni
467 4516 546 4592 licet
569 4524 729 4598 mensoria
756 4523 970 4614 inauditum,
995 4521 1106 4620 palam
1131 4521 1278 4612 laceret,
1302 4519 1360 4597 sed
1384 4515 1568 4616 expugnari
1603 4517 1692 4632 illius

1049 4645 1086 4714 B‘
