4372 5842
612 675 684 735 222
1009 666 1037 736 L
1084 665 1111 736 t:
1160 663 1193 734 0
1241 663 1272 734 tt
1319 661 1334 731 1
1383 657 1404 727 S
1477 659 1519 730 X.

506 817 510 826 ·
565 802 634 848 rem
661 775 828 854 commisit
853 782 936 856 lolio
962 785 1157 869 Cardinali,
1180 785 1235 854 hic
1261 801 1373 852 autem
1395 775 1586 848 Oblaviano
1616 771 1796 855 Mediceo,
1835 769 1893 860 qui

565 921 647 972 sane
673 920 746 972 erat
771 902 1017 976 architeclurae
1036 908 1068 970 bt
1094 903 1243 993 piilnrae
1278 899 1618 991 intelligentissimus.
1650 892 1713 963 llic
1751 893 1895 982 partitus

565 1039 618 1089 est
643 1045 784 1114 magnae
810 1023 905 1096 aulae
931 1022 1093 1114 pilluram
1118 1047 1193 1096 cum
1213 1015 1621 1124 Andreavannuccbio,
1658 1013 1716 1106 qui
1753 1012 1784 1076 δι
1822 1011 1899 1078 Sar·

568 1142 635 1214 tius
662 1143 914 1233 appellabatur,
939 1168 1016 1214 cum
1050 1145 1214 1231 Francia,
1245 1149 1279 1216 &
1304 1163 1377 1214 cum
1401 1139 1522 1236 Iacobo
1548 1161 1568 1208 a
1602 1138 1813 1214 Puntormo,
1839 1131 1898 1220 qui

570 1263 718 1334 omnium
744 1265 935 1351 perit-issimi
961 1264 1103 1356 pillores
1128 1264 1360 1335 habebantur.
1387 1262 1491 1330 Erant
1515 1257 1536 1328 ii
1563 1256 1695 1346 quidem
1721 1250 1903 1336 industrii,

571 1383 632 1454 sed
668 1384 704 1453 in
747 1383 816 1454 hoc
856 1409 958 1475 opere
1010 1407 1087 1456 cum
1127 1383 1373 1455 absolutionem
1415 1379 1716 1471 perfectionemque
1761 1395 1907 1466 quaere·

571 1521 649 1574 rent
673 1497 807 1592 (135),
833 1503 924 1577 lente
950 1507 1034 1577 adeo
1060 1523 1326 1596 processerunt,
1349 1522 1388 1574 nt
1412 1500 1584 1574 pontificis
1612 1497 1806 1589 patientiam
1830 1513 1911 1564 ten-

574 1620 750 1707 taverint,
775 1647 838 1694 nec
861 1628 1082 1715 praemiorum
1108 1625 1277 1715 promissa
1303 1623 1481 1696 valuerunt
1507 1623 1549 1694 ad
1574 1621 1682 1706 illud,
1707 1621 1781 1710 ipso
1796 1619 1908 1700 vivo,

573 1742 839 1814 absolvendum.
863 1744 1045 1815 fecithoc
1069 1745 1188 1834 post‘ea
1213 1747 1412 1818 Franciscus
1427 1749 1451 1815 l.
1466 1747 1609 1835 Magnus
1635 1740 1789 1811 Etruriae
1810 1741 1909 1820 Dur,

574 1885 658 1932 usus
684 1885 788 1951 opera
811 1862 991 1937 Alexandri
1026 1863 1166 1951 Allorii,
1192 1866 1251 1958 qui
1274 1868 1313 1938 iis
1327 1913 1340 1948 ,
1364 1887 1451 1957 quos
1491 1860 1686 1945 nominavi,
1728 1858 1909 1947 pilloribus

576 2005 660 2054 sane
682 1981 825 2060 inferior
849 2001 942 2056 etat.
976 1985 1092 2056 Testis
1117 2005 1170 2056 est
1195 1986 1353 2059 Vasatius
1378 1983 1525 2056 Sa'rtium
1550 1979 1633 2054 mhil
1669 2002 1739 2050 non
1779 1978 1915 2068 egisse,

577 2120 618 2170 ut
640 2120 814 2191 superaret
839 2104 1082 2193 competitores
1107 2123 1221 2187 suos,
1253 2111 1287 2177 δι
1314 2105 1505 2201 adjunxisse
1541 2101 1584 2172 ad
1623 2099 1780 2191 pingendi
1805 2116 1912 2168 artem

579 2213 699 2293 miram
721 2221 951 2313 prospetlivae
987 2225 1166 2314 peritiam.
1191 2223 1311 2296 Nullus
1335 2243 1410 2295 erat
1445 2222 1584 2314 alicujus
1623 2219 1765 2290 nominis
1792 2216 1917 2288 artifex

576 2339 773 2412 Florentiae
798 2341 863 2432 (δι
888 2369 970 2418 sane
996 2346 1154 2436 permulti
1179 2347 1396 2436 tumerent)
1422 2343 1479 2438 qui
1505 2365 1576 2412 non
1601 2358 1737 2428 cuperet
1761 2359 1835 2408 esse
1857 2359 1919 2406 no·
1960 2429 1963 2438 Ι

582 2476 640 2532 tus
663 2459 795 2541 Leonis
818 2465 1001 2544 nonnullos
1031 2469 1132 2539 etiam
1167 2464 1203 2542 in
1239 2461 1469 2536 adolescentia
1504 2453 1647 2534 noverat
1679 2463 1713 2532 δι
1751 2457 1917 2528 adhibue-

584 2596 662 2664 tat.
698 2583 797 2674 quasi
820 2584 979 2662 divinans
1004 2588 1064 2680 qui
1086 2585 1272 2680 quantique
1306 2582 1415 2656 futuri
1440 2601 1579 2666 essent,
1604 2579 1837 2675 proditumque
1852 2603 1920 2652 me·

585 2698 716 2771 moriae
740 2721 811 2796 est,
842 2727 900 2793 per
924 2729 1001 2780 eun
1026 2705 1220 2795 praesertim
1243 2703 1433 2781 innotuisse
1451 2703 1605 2788 civitati,
1631 2725 1732 2793 quam
1754 2698 1921 2772 excellens

583 2834 675 2912 esset
700 2815 810 2906 pit‘lor
839 2823 1119 2900 Bartholomaeus
1145 2847 1166 2898 a
1188 2827 1291 2896 Porta
1327 2811 1675 2900 eDominicanorum
1709 2817 1858 2905 familia,
1887 2821 1922 2890 δι

585 2939 800 3028 quan10⁸1io
832 2942 1007 3034 sculpendi
1028 2963 1101 3024 erte
1129 2967 1327 3039 progressus
1358 2961 1447 3018 esset
1468 2939 1616 3014 faciurus
1644 2939 1922 3012 Bartholomaeus

587 3057 821 3164 Bandinellius
845 3058 978 3154 (136).
1010 3066 1127 3156 Neque
1149 3087 1168 3144 e
1193 3063 1405 3144 nostratibus
1431 3061 1565 3144 solum,
1591 3061 1651 3132 sed
1675 3061 1777 3130 etiam
1801 3083 1924 3131 exer·

560 3205 564 3222 ·
590 3177 671 3256 tetis
701 3176 835 3271 plurimi
858 3179 1084 3269 patrocinium
1109 3189 1142 3256 δι
1164 3181 1281 3260 laudes
1308 3182 1432 3264 Leonis
1469 3181 1739 3275 conquirebant,
1760 3202 1923 3272 cumque,

590 3318 731 3372 suasore
746 3299 891 3388 Bembo,
906 3301 1064 3378 Titianus
1083 3302 1272 3384 Veccellius
1298 3302 1479 3396 aliquando
1505 3304 1645 3372 Romam
1660 3300 1854 3393 cogitasset,
1870 3323 1926 3372 co·

591 3416 793 3509 gitationem
819 3419 907 3490 hanc
934 3423 1080 3514 abjecit,
1109 3423 1166 3494 ubi
1196 3403 1336 3500 artdivit'
1361 3421 1564 3512 Raphaelem
1588 3417 1778 3508 sanorum,
1815 3440 1926 3511 neque

593 3536 702 3616 multo
727 3555 806 3627 poet
830 3538 977 3612 Leonem
1001 3541 1196 3626 Pontificem
1220 3565 1263 3613 ex
1286 3541 1350 3614 hac
1373 3543 1446 3615 vita
1469 3541 1651 3634 migrasse.
1675 3541 1744 3634 Qui
1769 3558 1928 3612 contem-

597 3653 735 3745 plentur
762 3677 862 3749 atque
886 3659 1074 3748 suspiciunt
1100 3661 1340 3748 praestantiam
1364 3661 1507 3751 horum,
1531 3683 1617 3756 quos
1641 3657 1844 3747 nominavi,
1868 3681 1930 3740 at-

600 3770 750 3864 tificum,
771 3797 831 3867 per
861 3799 947 3874 quos
975 3783 1009 3852 δι
1029 3777 1153 3859 saelum

795 4063 807 4094 .
829 4063 841 4088 .
863 4063 874 4088 .
897 4063 908 4088 .
930 4063 943 4098 ρ
964 4065 975 4088 .
994 4018 1109 4115 possis
1135 4011 1224 4092 nihil
1251 4017 1338 4094 Urbe
1360 4019 1471 4102 Roma

1028 4151 1032 4154 ·
1193 4141 1306 4216 Visere
1329 4141 1458 4236 majus,

606 4275 742 4341 versum
765 4251 860 4332 illum
884 4280 1045 4350 usurpare
1067 4259 1212 4342 solent:

806 4495 898 4586 Vos,
929 4499 1060 4582 animae
1081 4500 1248 4600 grandes,
1270 4515 1365 4586 aetas
1376 4499 1457 4585 tatu
1478 4499 1742 4598 alata-leani&
1850 4611 1853 4616 ,
1893 4565 1904 4586 .
