4372 5842
642 651 706 722 16⁸
1024 647 1050 712 L
1098 645 1125 713 E
1173 643 1206 712 Ο
1254 644 1284 714 ll
1333 644 1347 710 1
1395 645 1440 722 S,
1491 639 1530 712 X„
1627 719 1628 722 Ἴ

589 765 787 862 prudentiae
811 765 861 836 in·
885 762 1032 834 consiliis
1056 752 1099 834 de
1138 765 1236 836 rebus
1271 762 1427 834 civilibus
1463 753 1605 841 dandis,
1630 771 1823 847 quanquam
1849 755 1920 844 ejus

590 889 832 974 constantiae,
857 885 911 958 vel
937 887 1051 976 potius
1075 886 1152 958 fidei
1171 885 1319 955 diffidere
1345 878 1541 969 potuisset?
1577 879 1686 952 Homo
1711 874 1826 958 enim.
1863 875 1940 965 qui,

586 1033 655 1080 non
681 979 752 1080 ebat
779 1007 935 1078 fortunae
961 1009 1060 1077 bonis
1086 1006 1279 1088 abundans,
1305 1001 1399 1070 visus
1426 1017 1478 1070 est
1498 991 1921 1080 interdumadoo-setvire

586 1130 825 1219 temporibus,
849 1145 887 1196 ut
915 1125 973 1218 qui
999 1149 1059 1215 pro
1086 1125 1282 1196 defensione
1324 1121 1487 1192 libertatis
1514 1119 1549 1188 in
1573 1119 1614 1189 ea'
1640 1114 1942 1206 ¹conjuratione„

585 1273 685 1347 quam
710 1235 830 1326 fadum
855 1245 997 1318 diximus
1023 1245 1058 1315 in
1083 1245 1253 1316 Mediceos
1279 1262 1357 1332 post
1382 1265 1498 1313 eorum
1524 1239 1560 1310 in
1585 1236 1729 1328 patriam
1749 1231 1921 1316 reditum,

584 1371 761 1440 civitatem
789 1363 979 1450 amiserat,
1004 1366 1180 1452 tyrannica
1213 1383 1392 1455 praecepta
1416 1361 1597 1432 Laurentio
1622 1356 1765 1441 dederit,
1793 1352 1853 1445 qui
1878 1352 1921 1446 ad

587 1492 741 1560 omnium
767 1480 881 1566 terum
901 1492 1108 1562 dominatum
1135 1487 1304 1576 aspirabat
1319 1479 1425 1574 (¹88).
1450 1481 1548 1554 Anne
1564 1498 1667 1570 putas·
1683 1497 1752 1551 tant
1768 1473 1920 1568 largum,

578 1629 648 1684 tam
672 1612 854 1685 beneficum
880 1608 974 1680 illum
1000 1607 1154 1680 fotinum
1180 1603 1284 1674 fuisse
1309 1603 1346 1672 in
1371 1601 1571 1685 Doridem,
1614 1597 1787 1690 aliosque,
1828 1619 1947 1686 quos·

557 1705 708 1804 'arreum
733 1754 770 1808 sa
805 1731 975 1816 haberat,
1016 1731 1082 1808 „ut
1116 1729 1157 1798 ab
1194 1724 1330 1815 ingenio
1364 1725 1413 1792 ιι.
1435 1717 1556 1792 truens
1593 1717 1659 1788 sut
1693 1715 1938 1800 commeanti,

577 1845 745 1922 fuissent?
769 1849 860 1930 Nihil
886 1871 956 1919 non
981 1849 1070 1940 egit,
1094 1867 1133 1918 ut
1157 1845 1273 1918 laudes
1296 1843 1585 1924 honestarentur,
1611 1843 1646 1914 br
1672 1835 1810 1907 fortuna
1852 1859 1915 1908 su·

576 1963 771 2048 bleva'retur
797 1969 952 2038 Andreae
982 1963 1094 2036 Dadlii
1136 1986 1256 2054 poetae
1293 1961 1429 2032 minime
1448 1950 1698 2048 improbandi,
1733 1955 1917 2047 multisque

574 2087 699 2158 litteris
725 2087 863 2158 Graecis
892 2091 923 2154 bt
952 2086 1080 2157 Latinis
1106 2082 1264 2169 exculti,
1289 2083 1406 2172 quise
1431 2078 1519 2152 illius
1545 2075 1825 2150 commendationi
1850 2075 1916 2144 de·
2005 2093 2014 2110 ⁸

575 2211 654 2282 bere
685 2210 857 2297 professus
880 2227 958 2294 est,
983 2206 1077 2296 quod
1101 2205 1254 2297 quamvis
1279 2225 1401 2276 caecus
1425 2219 1532 2286 esset,
1559 2201 1595 2274 itt
1620 2195 1804 2273 Academia
1825 2199 1915 2276 Pisa·

574 2353 619 2400 na
654 2353 775 2406 munus
802 2329 934 2399 illarum
955 2327 1140 2398 litterarum
1154 2325 1382 2395 docendarum
1400 2320 1624 2396 obtinuisset.
1647 2299 1911 2394 commoverunt

574 2473 651 2520 eunt
676 2450 760 2528 adeo
785 2448 948 2528 beneficia
977 2453 1010 2518 dt
1035 2447 1177 2522 virtutes
1203 2447 1344 2526 Leonis,
1369 2463 1409 2512 ιιι
1434 2445 1546 2519 multis
1569 2424 1723 2512 'centenis
1748 2421 1908 2510 versuum

574 2569 772 2642 Latinorum
797 2569 944 2659 eiusdem
981 2565 1097 2637 laudes
1130 2564 1376 2649 celebraverit,
1410 2587 1452 2634 ea
1489 2564 1605 2634 omnia
1640 2585 1907 2637 commemorans
1941 2627 1945 2632 .

366 2667 371 2676 ⁸
483 2723 489 2734 ·
573 2709 733 2776 prospera
756 2689 788 2757 br
810 2686 981 2772 adversa,
1006 2709 1096 2777 quae
1120 2682 1167 2755 illi
1191 2703 1267 2755 tota
1291 2683 1326 2752 in
1351 2681 1423 2753 vita
1450 2684 1646 2756 acciderunt
1686 2681 1796 2773 (89).
1822 2685 1909 2754 Cum
1976 2771 1977 2775 Ἰ

567 2805 667 2876 datus
693 2791 748 2876 bic
770 2805 888 2876 fuisset
914 2824 1114 2894 praeceptor
1132 2803 1327 2880 Alexandro
1353 2804 1488 2890 Patrio,
1505 2805 1561 2896 qui
1587 2827 1629 2882 ex
1654 2802 1776 2876 Leonis
1800 2801 1905 2889 ipsius

566 2927 668 3006 amita
700 2941 798 3005 natus
825 2944 923 3008 erat,
950 2925 1035 2994 adeo
1068 2925 1160 2994 hunc
1201 2921 1432 2998 inflammavit
1473 2931 1679 3018 Graecarum
1715 2921 1905 3002 litterarum

567 3067 705 3130 amore,
732 3063 770 3114 ut
795 3045 965 3144 poeticam
992 3041 1207 3128 Aristotelis,
1249 3046 1281 3107 dt
1307 3044 1491 3114 nonnullas
1526 3048 1673 3124 Graecas
1713 3040 1905 3132 tragoedias

565 3163 713 3234 Italicam
741 3164 776 3232 in
801 3161 949 3253 linguam
977 3161 1209 3240 converterit.
1235 3139 1346 3232 Facile
1373 3183 1484 3240 autem
1509 3182 1562 3243 est
1596 3163 1761 3256 conllcere
1802 3184 1905 3252 quant

563 3303 716 3354 amanter
742 3282 900 3353 Pontifex
925 3283 1040 3352 animo
1068 3279 1157 3356 illius
1183 3280 1429 3370 inculcaverit,
1453 3302 1493 3354 ut
1516 3284 1627 3360 studia
1651 3283 1734 3353 haec
1756 3281 1901 3372 coleret,

568 3405 602 3470 δι
628 3400 822 3493 aequalibus
858 3403 928 3480 suis
954 3400 1096 3474 colenda
1121 3393 1346 3488 proponeret.
1371 3403 1481 3487 Nam,
1506 3423 1544 3471 ut
1569 3402 1737 3484 diximus,
1759 3403 1901 3478 manime

566 3517 767 3605 laborabat,
794 3539 833 3590 ut
858 3521 988 3590 semina
1012 3520 1069 3591 illa
1094 3519 1291 3604 dodlrinae,
1329 3541 1415 3618 quae
1440 3539 1608 3616 sparserat
1632 3519 1665 3590 in
1688 3522 1799 3610 patrio
1824 3521 1900 3595 solo

564 3638 766 3706 Laurentius
802 3638 892 3710 illius
918 3661 1042 3729 pater,
1066 3661 1218 3730 quaeque
1243 3635 1395 3716 civilibus
1421 3638 1598 3710 discordiis
1625 3636 1818 3728 aliquandiu
1844 3639 1903 3713 la-

569 3757 677 3856 tuisse
703 3756 926 3839 videbantur,
955 3755 1080 3828 frudlus
1105 3757 1243 3838 ederent
1270 3756 1512 3845 amplissimos.
1537 3761 1583 3830 Ut
1605 3733 1725 3856 saepe,
1751 3759 1900 3853 jucunde

515 3974 518 3980 Ι
564 3875 774 3948 &suaviter
800 3875 1018 3962 meminerat,
1042 3899 1129 3966 quae
1154 3899 1238 3966 pene
1264 3900 1343 3966 puer
1369 3879 1499 3956 viderat
1523 3879 1727 3955 &audierat
1751 3879 1786 3954 in
1812 3901 1899 3954 sarr-

562 3995 709 4068 dlisslma
731 3995 862 4080 domo,
886 4016 987 4085 quam
1013 3995 1184 4072 Musarum
1210 3996 1393 4085 templum,
1419 4003 1452 4070 δι
1475 3999 1584 4076 omnis
1610 3997 1748 4068 virtutis
1794 4015 1899 4094 atque

561 4113 754 4204 praeclarae
779 4115 860 4186 artis
884 4113 1095 4190 domicilium
1120 4115 1277 4192 dixisses!
1302 4119 1391 4194 Dum
1416 4119 1620 4194 mentionem
1644 4140 1728 4194 veto
1752 4117 1794 4188 de
1829 4121 1898 4188 Po-

560 4229 682 4311 litian'o
707 4251 1015 4336 praeceptoresuo
1043 4231 1214 4314 faciebat,
1238 4253 1370 4308 tantum
1396 4235 1444 4313 illi
1469 4237 1658 4321 tribuebat,
1690 4215 1729 4307 ut
1754 4260 1773 4312 e
1799 4233 1914 4312 caelo

560 4347 904 4424 divinumthominem
930 4353 965 4422 in
992 4369 1099 4424 terras
1125 4353 1316 4444 prolapsum
1342 4354 1492 4442 diceret,
1517 4379 1677 4448 ,cumque
1712 4353 1914 4444 aliquando
1985 4350 1989 4358 ’

566 4493 588 4543 a
611 4469 812 4542 Florentinis
841 4468 913 4544 suis
938 4470 1000 4542 sibi
1025 4472 1233 4546 commodari
1258 4475 1409 4574 petiisset
1429 4463 1691 4568 lastinianarum
1713 4473 1826 4572 legum
1858 4477 1894 4542 bt

1014 4595 1020 4604 ’
1763 4621 1769 4632 ·
1788 4591 1847 4670 Di·
