4386 5838
634 801 640 816 ·
717 771 748 842 t
810 800 816 824 2
846 781 859 848 1
956 779 987 852 T
1086 787 1115 854 Α
1526 814 1572 886 79

274 865 571 977 ptot’ideudoque,
590 869 640 962 ire
663 897 743 987 quid
767 889 948 976 'christiana
980 904 1181 995 Respublica
1212 933 1231 978 a
1256 905 1350 982 malis
1384 911 1474 984 libris
1508 917 1616 988 detri-
1641 959 1645 972 ·

273 999 380 1069 menti
406 1025 569 1092 caperet,
592 1017 646 1095 dc,
670 1040 713 1086 ne
737 1021 875 1112 singula
894 1017 1098 1117 persequar,
1125 1029 1241 1098 devoti
1266 1030 1350 1109 diris
1372 1031 1513 1106 'luerunt
1528 1039 1641 1128 ,quit

274 1107 348 1178 ausi
374 1107 508 1188 l'ueraut
537 1125 694 1214 tradere,
718 1144 828 1224 neque
853 1133 1014 1224 unicam,
1037 1167 1147 1238 neque
1172 1141 1453 1230 immortalem-in
1470 1157 1646 1244 cujuslit't
1696 1194 1697 1197 ¹

153 1261 158 1267 ·
273 1224 331 1298 bet
355 1230 502 1309 hominis
533 1265 674 1335 corpore
700 1250 809 1325 inesse
835 1259 982 1333 animam
1007 1261 1044 1354 (3
1054 1270 1111 1358 3).
1143 1267 1327 1342 Plurimum
1362 1295 1447 1344 vero
1483 1273 1646 1345 laudari·

271 1369 335 1439 pro
358 1356 524 1431 concione
548 1343 664 1440 omnes
688 1368 736 1442 illi
761 1377 918 1469 Episcopi
944 1381 1075 1458 Galliae
1101 1387 1264 1472 fuerunt,
1288 1393 1344 1484 qui
1369 1408 1448 1463 cum
1467 1395 1539 1466 'iter
1564 1394 1616 1466 fa·
1640 1441 1645 1460 ι

274 1491 388 1544 serent
411 1480 552 1555 Romam
574 1493 756 1576 versus&
770 1493 874 1586 apud?
880 1505 1049 1577 Taurinos
1074 1511 1260 1582 consistere
1282 1531 1505 1606 cogerentur,
1525 1517 1644 1608 quod·

274 1597 550 1677 sMaxitrriliano
575 1608 859 1690 Ssortia-minime
882 1618 1014 1696 veriam
1039 1625 1193 1702 obtinere
1210 1651 1392 1720 potuerant
1416 1655 1493 1708 tuto
1519 1657 1642 1708 tram·

272 1719 393 1790 seundi
418 1745 477 1812 per
504 1729 1055 1833 Mediolanensem-provinciam,
1080 1751 1244 1823 miserant
1270 1755 1311 1825 ad
1338 1757 1528 1830 Concilium
1544 1785 1644 1830 mo··

271 1857 455 1932 ntunenta,
481 1871 525 1940 ex
547 1833 871 1949 'quibos—constabat
891 1885 1032 1942 suorum
1048 1873 1080 1936 &
1098 1871 1322 1967 collegarum,
1341 1903 1363 1946 a
1383 1881 1504 1970 quibus
1520 1905 1616 1949 mau-

274 1959 354 2036 data
377 1990 597 2064 acceperant,
624 1983 759 2054 nomine
783 1987 1028 2064 eosdetestari
1043 1993 1227 2087 &ejurare
1253 1994 1327 2068 atta
1352 1997 1500 2072 Concilii
1524 2002 1641 2074 Pisa··

272 2077 329 2166 ni,
355 2083 420 2156 hoc
445 2089 571 2166 habere
608 2117 772 2195 tanquam
810 2104 981 2180 funestam
1007 2111 1258 2186 schismatis&
1278 2117 1458 2188 seditionis
1484 2118 1619 2207 sacam,

275 2199 492 2285 Lateranensi
517 2219 782 2312 adhaerescere,
807 2231 1013 2324 eosdemque
1037 2253 1074 2302 se
1104 2236 1306 2310 submittere
1328 2237 1491 2329 potestati
1517 2259 1619 2336 atque

275 2319 417 2414 imperio
443 2335 589 2410 Romani
615 2341 810 2419 pontificis.
845 2351 936 2422 Haec
963 2375 1033 2426 non
1062 2371 1130 2424 tam
1166 2379 1229 2426 sua
1253 2377 1377 2450 sperne
1416 2361 1621 2436 voluntate-

276 2466 366 2541 que,
394 2477 496 2542 quam
522 2461 623 2553 Regis
652 2463 855 2541 auctoritate
881 2471 1079 2546 faciebant.
1105 2479 1190 2548 Nam
1217 2502 1294 2552 cum
1319 2481 1375 2556 hic
1409 2501 1505 2554 totos
1544 2485 1616 2556 dies

277 2567 310 2634 dc
339 2569 454 2644 nolles
481 2581 647 2669 cogitaret
673 2584 717 2656 de
745 2595 979 2678 recuperanda
1014 2597 1319 2673 Mediolanensium
1360 2603 1508 2690 ditione,
1546 2627 1617 2674 non

277 2685 474 2780 negligenda
507 2697 543 2768 in
568 2703 635 2775 hoc
662 2711 802 2800 negotio
826 2713 1003 2785 videbatur
1022 2717 1196 2790 Pontificis
1222 2723 1391 2794 amicitia.
1414 2728 1558 2816 Magnas
1579 2723 1621 2795 il·
1701 2763 1703 2768 .

269 2795 307 2874 le
331 2808 468 2904 quidem
492 2819 608 2907 copias
641 2845 924 2916 comparaverat,
952 2853 1055 2926 atque
1088 2838 1252 2911 eduxerat
1277 2841 1314 2912 in
1339 2843 1620 2932 expeditionem,

268 2928 551 3028 :amplissimaque
577 2937 725 3028 praemia
746 2947 941 3023 ductoribus
974 2957 1201 3044 promiserat,
1226 2961 1254 3032 si
1279 2960 1429 3038 victores
1458 2965 1507 3036 in·
1532 2961 1623 3036 eal·-

274 3044 354 3120 liam
379 3055 588 3130 rediissent.
613 3066 748 3138 Fadium
767 3089 818 3138 est
843 3093 956 3144 autem
978 3077 1110 3149 virtute
1130 3077 1387 3170 Helvetiorum,
1410 3084 1538 3178 quibus
1562 3107 1624 3158 oc·

275 3165 371 3238 culte
387 3169 557 3248 'Pontifex
583 3182 734 3255 subsidia
759 3194 924 3276 pecuniae
954 3195 1122 3283 miserat,
1147 3221 1185 3270 ut
1210 3199 1287 3274 illae
1312 3204 1401 3294 apud
1427 3203 1620 3313 ¹Notitiam

277 3297 347 3359 non
373 3290 483 3363 solum
506 3319 707 3392 superatae,
732 3307 791 3380 sed
816 3333 922 3402 prope
950 3315 1285 3394 ad1inrernecioeen
1309 3324 1429 3416 pulsae
1458 3325 1623 3418 sagrus-

278 3431 345 3499 que
371 3407 698 3513 suerinmLirterae
723 3426 816 3517 ipsae
842 3433 1037 3525 Pontificis,
1062 3465 1147 3531 quas
1174 3441 1267 3514 dedit
1294 3462 1366 3518 tum
1391 3441 1434 3520 ad
1458 3447 1625 3522 Maximi·

274 3519 404 3600 liadum
436 3536 627 3612 Insubrium
663 3546 817 3637 Ducem,
844 3569 916 3623 tum
953 3558 994 3630 ad
1014 3560 1254 3648 Raymundum
1280 3568 1474 3642 Cordonam
1499 3570 1624 3640 Prote·

277 3668 354 3738 gem
379 3653 566 3745 Neapolis,
581 3661 642 3755 qui
667 3687 744 3740 cum
769 3691 832 3741 sua
854 3695 959 3746 manu
982 3701 1107 3771 magno
1134 3686 1329 3780 adjumento
1354 3689 1480 3764 sueram
1496 3688 1539 3762 ad
1563 3687 1624 3762 vi-

275 3767 445 3860 moriam,
471 3777 556 3850 satis
581 3781 755 3856 declarant
781 3791 997 3867 voluntatem
1022 3799 1138 3891 illius,
1162 3809 1217 3880 vel
1240 3811 1392 3882 studium
1425 3810 1545 3900 potius
1583 3810 1625 3880 at·

262 3887 717 3990 'cupiditaremremoveudi
734 3909 785 3978 ab
809 3911 909 3986 Italia
933 3919 1112 3994 Gallorum
1137 3951 1249 4000 arma.
1288 3933 1403 4022 Atque
1429 3932 1498 4004 hoe
1539 3924 1618 4020 (1111·
1650 3967 1655 3975 ·

273 4003 350 4078 dem
375 4011 524 4091 feliciter·
550 4021 635 4093 adeo
661 4033 856 4119 processit,
877 4039 1036 4110 utnulla
1062 4044 1209 4118 nobilior
1234 4045 1382 4120 victoria
1406 4038 1622 4131 [ιιίεεεεῆὓᾶ11

274 4145 437 4202 caretur.
463 4137 605 4228 Quane
630 4144 731 4214 nimis
756 4153 943 4238 superbiret
968 4159 1249 4248 Maximiliatrus,
1277 4167 1375 4250 cujus
1389 4164 1531 4232 fortuna
1547 4177 1620 4228 11011

272 4239 386 4332 solum
410 4255 590 4342 restituta,
621 4263 680 4333 sed
705 4265 805 4353 plane
832 4271 1034 4344 confirmata
1050 4280 1258 4362 ¹uidebatur,
1290 4299 1495 4372 magnopere
1520 4301 1621 4348 cura·

270 4359 323 4430 tit
349 4364 444 4447 Leo,
466 4378 618 4456 paternis
646 4381 759 4448 verbis
785 4389 971 4459 exhortans
1003 4417 1081 4464 eum
1108 4397 1150 4466 ad
1191 4399 1329 4472 ueniam
1363 4398 1618 4493 concedendam

272 4479 342 4560 iis,
366 4485 427 4578 qui
455 4491 590 4580 quidem
616 4495 747 4590 aliquid
771 4503 807 4574 in
832 4504 929 4577 illum
954 4515 1070 4584 conati
1111 4511 1269 4590 fererantt
1303 4523 1410 4592 Nemo
1446 4539 1514 4592 tam
1536 4519 1613 4593 sine

270 4603 409 4698 oculis,
435 4627 504 4686 tam
527 4615 601 4690 sine
625 4639 738 4696 mente
752 4645 846 4716 erat,
882 4631 941 4726 qui
963 4636 1106 4724 omnipo
1129 4639 1304 4729 nesciret,
1328 4665 1396 4734 quo
1424 4640 1622 4726 *1111111111-
