4372 5842
695 691 1093 766 vrtt
1469 709 1535 770 eet

261 833 334 885 rum
360 809 520 894 aedium,
543 835 626 902 quas
662 813 711 895 ii,
752 813 811 906 qui
852 811 979 886 divinis
1008 812 1108 889 rebus
1141 837 1278 907 operam
1300 809 1452 900 dabant,
1485 811 1589 886 inooae·¹
1696 833 1699 840 ·

261 930 401 1014 lerent,
437 956 646 1025 quarumque
682 937 841 1006 Bramans
880 933 1022 1008 formam
1058 937 1221 1008 dederat.
1258 934 1428 1008 Bramaati
1456 933 1591 1027 quidem

258 1049 402 1123 multum
427 1053 594 1124 tribuebat
626 1055 695 1126 Leo
726 1059 760 1126 in
787 1051 1032 1130 architectandi
1057 1075 1159 1142 arte,
1192 1055 1325 1128 amabat
1350 1055 1451 1126 etlam
1484 1054 1519 1126 iu
1544 1069 1588 1122 eo

261 1169 429 1261 lepidum,
452 1178 487 1246 δι
512 1173 556 1246 ad
580 1178 706 1265 poesim
730 1174 856 1248 fadlum
884 1177 1079 1270 ingenium,
1106 1178 1236 1268 ipsique
1261 1175 1366 1248 sunus
1398 1175 1481 1246 satit
1518 1197 1592 1246 am·

261 1292 353 1380 plum
378 1293 570 1368 faciendum
595 1295 750 1382 curavit,
787 1297 1001 1369 cum'locum
1025 1295 1218 1386 sepulturae
1241 1297 1281 1365 in
1313 1297 1389 1386 ipsa
1423 1295 1593 1367 Vaticana
1697 1309 1707 1322 ·

244 1413 402 1487 ,Basilica
427 1415 656 1509 assignasset.
680 1415 801 1486 Statim
826 1440 867 1488 ac
890 1417 1047 1490 Pontifex
1072 1437 1205 1490 creatus
1233 1437 1285 1489 est
1310 1417 1475 1490 lulianum
1514 1417 1590 1487 aS.

256 1533 358 1607 Gallo
383 1537 524 1609 Romam
549 1535 721 1610 Florentia
745 1538 907 1618 vocavit,
932 1543 966 1610 ta
995 1561 1068 1610 nou
1092 1535 1216 1610 multos
1237 1557 1315 1629 post
1338 1551 1468 1610 menses
1495 1549 1593 1628 aegre

258 1658 298 1730 ab
323 1681 359 1731 se
383 1659 509 1731 dimisit
533 1658 706 1730 hominem
731 1657 892 1730 afflictum
917 1657 1196 1752 debilitatumque
1221 1660 1339 1746 annis,
1369 1657 1518 1744 morbis,
1542 1669 1595 1728 at·

257 1803 323 1870 que
348 1777 544 1861 laboribus,
578 1777 674 1870 cujus
700 1799 806 1867 opera
829 1778 943 1850 multis
962 1780 997 1850 in
1022 1777 1121 1852 rebus
1150 1781 1200 1852 uti
1230 1779 1477 1850 constituerat.
1496 1779 1593 1870 Qua·

256 1915 335 1970 tuor
349 1919 447 1972 erant
470 1925 490 1972 e
514 1899 760 1992 Sangalliorum
786 1897 914 1971 familia
939 1900 1055 1970 eximii
1080 1895 1276 1986 architecti,
1298 1883 1449 1972 lulianus
1468 1903 1502 1970 ¹&
1521 1899 1590 1968 An-

205 2035 210 2044 ’
259 2019 371 2090 tonius
398 2018 541 2102 fratres,
567 2020 769 2091 Franciscus
796 2017 919 2090 luliani
947 2020 1059 2102 lilius,
1088 2019 1149 2112 qui
1175 2023 1205 2086 dt
1229 2021 1404 2110 scalpendi
1428 2034 1499 2088 arte
1521 2038 1591 2088 va·

259 2139 374 2225 lebat,
399 2145 432 2210 δι
456 2141 644 2226 Antonius,
670 2142 728 2232 qui
753 2163 795 2210 ex
821 2138 956 2211 illorum
981 2142 1130 2230 priorum
1155 2163 1272 2212 sorore
1286 2159 1386 2212 natus
1411 2155 1503 2224 erat,
1519 2137 1593 2229 qui·
1657 2208 1662 2220 ,

259 2282 326 2354 que
351 2256 595 2344 avunculorum
627 2259 829 2349 cognomine
855 2257 1105 2348 appellabatur.
1127 2263 1198 2332 tros
1224 2283 1340 2332 omnes
1365 2259 1419 2332 vel
1444 2259 1488 2328 ad
1526 2259 1592 2328 Ur·

260 2380 329 2463 bis,
361 2377 417 2451 vel
444 2377 486 2448 td
509 2377 641 2466 patriae
664 2401 899 2450 ornamentum
931 2379 1082 2451 adhibuit
1108 2381 1198 2464 Leo,
1221 2399 1364 2474 cumque
1390 2359 1593 2448 munitioni·

260 2499 323 2571 bns
347 2503 380 2572 tr
405 2499 560 2590 operibus
583 2499 693 2590 sepire
717 2503 859 2572 Centum
879 2497 989 2572 Cellas
1015 2498 1250 2583 deliberasset,
1275 2523 1383 2594 eoque
1408 2496 1592 2591 aliquando
1686 2485 1688 2490 ’

260 2619 585 2702 concessissetcum
609 2620 902 2708 praestantissimis
931 2619 1097 2705 ducibus,
1134 2625 1168 2692 dt
1190 2621 1341 2691 Antonio
1378 2619 1595 2705 Marchesio,

214 2723 216 2728 ⁵
258 2761 357 2829 quem
380 2757 419 2810 ut
442 2757 520 2830 pote
544 2738 664 2810 harum
689 2761 801 2810 rerum
826 2738 1062 2830 peritissimum
1088 2737 1228 2828 Neapoli
1254 2741 1504 2820 advocaverat,
1519 2755 1593 2807 tan·

259 2875 331 2930 tum
355 2859 473 2930 tribuit
497 2858 640 2930 Antonii
665 2859 804 2953 junioris
829 2859 1004 2947 consiliis,
1029 2877 1067 2930 ut
1093 2859 1301 2949 propositam
1328 2858 1371 2928 ab
1409 2877 1451 2930 eo
1485 2857 1594 2927 rario-

259 3002 336 3052 nem
360 2981 477 3052 ceteris
503 2979 758 3071 praeferendam
782 2999 856 3052 esse
880 2981 1073 3070 putaverit.
1108 2981 1233 3050 Eodem
1269 2977 1372 3048 etiam
1406 2973 1594 3050 architecto

261 3123 371 3183 arcem
393 3099 521 3172 montis
545 3099 669 3172 Falisci
693 3103 923 3188 restauravit,
947 3105 981 3172 bt
1006 3098 1089 3169 Alsii
1114 3097 1235 3170 molem
1261 3097 1473 3184 aedificavit,
1488 3121 1596 3188 quan·

261 3245 363 3312 quam
387 3221 572 3293 multorum
604 3220 651 3291 sit
676 3221 794 3312 opinio
834 3221 934 3314 liujus
972 3220 1134 3304 aedilicii,
1170 3219 1205 3289 in
1239 3239 1310 3311 quo
1345 3237 1426 3289 aunt
1468 3218 1595 3289 incisae

170 3377 175 3386 ·
258 3338 395 3414 litterae
418 3344 540 3414 Leonis
566 3357 692 3414 nornen
715 3339 965 3432 praeferentes,
988 3339 1256 3434 designationem
1281 3339 1440 3411 Michaeli
1463 3335 1596 3430 Angeia

260 3467 461 3538 Bonarrario
484 3463 699 3535 tribuendam
723 3483 821 3535 esre.
843 3461 958 3549 ldem,
996 3477 1073 3534 cnm
1098 3463 1303 3552 impenderet
1331 3463 1430 3533 ruina
1455 3460 1596 3552 portici-

259 3587 323 3660 bus
349 3586 545 3671 Vaticanis,
572 3580 802 3678 adjuntiisque
828 3583 892 3655 illis
919 3584 1085 3664 aedibus,
1110 3583 1256 3655 remedia
1275 3585 1351 3654 heic
1375 3583 1484 3668 malo,
1500 3579 1594 3673 qnod

264 3708 365 3798 culpa
391 3706 563 3778 acciderat
596 3705 780 3795 Raphaelis
811 3706 955 3788 Sanllii,
993 3704 1147 3774 invenit.
1173 3707 1255 3774 Cum
1291 3706 1357 3774 hoc
1391 3701 1593 3797 com'nndlim

157 3849 166 3862 ·
262 3830 305 3900 ad
348 3829 616 3900 aedificationem
655 3827 819 3898 basilicae
847 3827 1031 3896 Vaticanae
1064 3823 1240 3906 incubuit,
1266 3823 1360 3916 quod
1401 3825 1595 3895 mandatum

256 3948 397 4034 habuit,
422 3967 599 4040 postquam
621 3945 770 4020 lulianus
800 3947 835 4016 in
855 3945 999 4034 patriam
1023 3945 1142 4016 rediit.
1170 3949 1269 4016 Hunc
1293 3945 1486 4033 praesertim
1511 3941 1594 4012 dili·

258 4046 384 4163 gebat,
411 4070 570 4154 amabat,
594 4065 854 4156 ampledlebarnt
894 4069 926 4133 dt
962 4063 1121 4136 laudabat
1156 4066 1245 4145 Leo,
1273 4069 1306 4134 dr
1347 4083 1425 4131 cunr
1456 4085 1498 4132 eo
1523 4059 1595 4133 sre-

254 4207 396 4282 quenter
424 4187 592 4259 incidebat
617 4189 651 4258 in
676 4209 865 4258 sermonem
890 4187 1065 4258 Laurentii
1092 4189 1214 4276 patris,
1240 4205 1385 4277 quocum
1412 4181 1468 4252 ille
1493 4181 1590 4254 sami·

258 4308 439 4382 liarissime
460 4306 622 4394 viteam,
648 4308 776 4400 cuique·
797 4305 913 4380 villam
938 4305 1329 4398 magnificentissimam,
1353 4328 1440 4398 quae
1475 4301 1594 4398 Cajani

264 4429 405 4498 Podium
429 4425 576 4535 dicitur,
598 4425 851 4498 aedificaverat.
879 4424 983 4518 Quod
1006 4429 1092 4498 haec
1125 4427 1218 4497 omni
1253 4449 1296 4497 ex
1331 4449 1426 4515 parte
1459 4424 1596 4498 minime

260 4545 408 4639 perfetta
432 4565 522 4638 erar,
549 4567 687 4640 prorsus
711 4569 748 4620 se
772 4548 860 4625 velie
876 4549 1036 4650 pstemlit
1056 4553 1145 4638 teo„
1165 4570 1203 4623 et
1223 4548 1474 4634 absolveretur,
1491 4567 1592 4639 quam
