4372 5842
591 618 662 690 214
771 603 776 614 ’
1001 603 1030 674 L
1077 605 1106 677 E
1153 601 1187 673 θ
1234 603 1265 671 N
1309 603 1323 670 1
1377 600 1399 670 S
1473 595 1513 668 X.
1799 680 1802 689 Ι

526 725 578 794 a
603 719 878 812 Circumpadanis
910 723 1100 814 regionibus
1116 726 1142 808 ,'
1162 737 1380 794 censerentur
1425 715 1600 809 odloginta
1635 734 1742 808 usque
1779 713 1908 810 millia¹

540 845 664 916 civium
688 848 721 915 δι
748 841 1016 934 inquilinorum.
1040 844 1157 936 Neque
1190 843 1281 913 hunc
1306 860 1482 912 numerum
1520 835 1736 920 mediocrem
1762 836 1878 908 existi·

546 963 709 1047 maveris,
734 961 765 1032 si
791 963 943 1052 tempora
972 984 1045 1033 cum
1081 961 1288 1050 temporibus
1318 959 1474 1032 conseres
1500 1009 1509 1029 .
1534 957 1622 1028 Urbs
1643 955 1758 1037 enim,
1795 979 1884 1046 quae

554 1080 726 1176 quandam
741 1083 891 1173 opibus,
917 1080 1072 1173 imperio,
1087 1081 1194 1176 gloria
1212 1103 1316 1172 supra
1335 1098 1464 1151 ceteras
1489 1077 1685 1170 longissime
1702 1076 1885 1160 floruerat,

547 1200 790 1286 barbarorum,
809 1201 1010 1274 Pontificum
1027 1203 1201 1293 ipsorum,
1224 1205 1258 1272 δι
1273 1195 1491 1269 sadliosornm
1512 1197 1688 1268 hominnm
1708 1217 1812 1288 opera
1830 1195 1904 1288 de·-

549 1319 697 1393 l‘ormata
724 1320 806 1392 adeo
833 1318 964 1405 fuerat,
991 1321 1050 1393 vix
1074 1339 1112 1392 ut
1138 1319 1281 1411 vestigia
1305 1318 1429 1390 veteris
1456 1316 1544 1388 illius
1568 1313 1760 1407 splendoris
1785 1337 1888 1406 appa·

553 1460 692 1512 terent.
717 1437 769 1508 Nil
797 1435 950 1530 profeilo
976 1439 1147 1532 antiquius
1172 1457 1244 1512 erat
1269 1441 1404 1526 Leoni,
1429 1462 1530 1530 quam
1565 1434 1657 1508 illius
1697 1429 1799 1506 saluti
1831 1434 1886 1504 di·

526 1558 744 1652 gnitatique
770 1557 968 1646 consulere,
1003 1563 1036 1632 δι
1074 1559 1158 1650 quia
1193 1559 1343 1632 desertas
1378 1557 1574 1638 arationes,
1611 1556 1727 1626 inatres
1765 1577 1884 1647 agros,

554 1679 762 1768 provinciam
797 1659 949 1749 miseram
974 1679 1206 1770 perditamque
1228 1677 1433 1762 offenderat,
1457 1699 1493 1772 se
1517 1673 1630 1748 offitio
1655 1675 1747 1766 ju'sto
1773 1679 1806 1746 δι
1830 1673 1888 1744 de·
1969 1773 1971 1776 ι

553 1797 748 1890 bitosungi
774 1798 1024 1885 arbitrabatur,
1050 1823 1125 1872 rum
1149 1797 1378 1888 opulentiores
1403 1794 1570 1866 invitabat
1595 1794 1640 1865 ad
1664 1793 1762 1868 villas
1788 1791 1887 1864 aedi-

553 1916 733 2002 ficandas,
758 1940 878 2008 resque
901 1919 1044 1988 rusticas
1076 1917 1182 1990 laetas
1208 1917 1407 1988 faciendas.
1442 1917 1511 1986 Nec
1548 1915 1660 1986 minus
1695 1911 1889 1996 laboravit,

451 2025 452 2029 ’
554 2053 596 2106 nt
623 2034 658 2104 in
683 2035 772 2108 Urbe
796 2055 886 2110 esset
909 2038 1008 2128 copia
1033 2039 1238 2128 optimorum
1279 2033 1471 2119 artificum,
1510 2055 1580 2106 non
1605 2055 1723 2104 eorum
1758 2031 1890 2120 modo,

555 2157 615 2249 qui
640 2153 812 2243 liberales,
837 2156 897 2228 sed
920 2157 1020 2228 etiam
1042 2159 1100 2250 qui
1118 2157 1249 2236 ‚sordidi
1273 2154 1509 2248 appellantur,
1532 2153 1655 2248 quibus
1679 2151 1800 2224 domas
1824 2152 1890 2226 hae

559 2276 633 2370 ipsa
657 2277 699 2348 de
724 2299 844 2350 caussa
878 2277 1047 2350 exaudias
1073 2277 1115 2350 ad
1139 2281 1302 2369 Campum
1327 2277 1491 2349 Martium
1527 2274 1736 2370 assignavit.
1776 2279 1892 2368 Neque

558 2419 631 2486 eos
645 2397 777 2470 sinebat
801 2419 875 2469 esse
898 2397 1052 2482 otiosos,
1078 2422 1153 2469 cnm
1178 2397 1366 2491 magnificis
1389 2398 1573 2489 operibns,
1597 2399 1629 2464 δι
1653 2395 1815 2468 aediliciis
1831 2399 1895 2468 Ur·

558 2517 637 2588 bem
661 2517 768 2609 ipsam
793 2536 974 2590 ornasset.
998 2518 1163 2608 Templa,
1202 2519 1306 2603 vias,
1344 2539 1449 2608 aquas
1478 2511 1590 2609 (126)
1613 2518 1764 2590 curavit.
1789 2515 1894 2612 Quod

560 2633 598 2708 in
622 2635 791 2708 Laterano
823 2635 930 2709 multa
954 2657 1052 2709 erant
1078 2657 1138 2709 aut
1161 2653 1360 2726 vetustate,
1385 2657 1445 2711 aut
1478 2637 1704 2732 negligentia,
1731 2656 1834 2729 atque
1860 2637 1895 2710 in

559 2753 615 2825 his
640 2758 852 2840 Lavacrum,
876 2756 1057 2849 sublapsa,
1072 2736 1119 2830 'in
1143 2756 1262 2830 melius
1288 2758 1485 2848 reparavit3
1508 2759 1615 2840 viam,
1637 2781 1724 2852 quae
1750 2759 1794 2830 ad
1817 2759 1897 2831 Fla-

559 2877 695 2948 miniam
721 2894 854 2966 portam
878 2877 994 2961 ducit,
1018 2875 1133 2948 multis
1149 2874 1292 2971 disjediis
1307 2877 1480 2964 domibus,
1500 2877 1663 2950 trifariam
1682 2878 1821 2964 divisit,
1844 2902 1896 2951 re·

561 2993 649 3069 eram
674 2995 756 3066 secit
770 3041 782 3078 ,
806 2993 898 3066 silice
922 2997 1066 3082 stravit,
1094 3016 1197 3090 atque
1223 2992 1519 3085 ornavit(127).
1545 2997 1703 3068 Dirutam
1737 2997 1809 3068 fere
1833 3020 1895 3068 aea

563 3114 640 3186 dem
664 3117 695 3185 S.
720 3117 847 3190 Mariae
872 3119 908 3190 in
933 3119 1131 3207 Dominica,
1166 3118 1263 3211 cnjus
1298 3115 1432 3189 titulum
1457 3116 1645 3192 Cardinalis
1675 3116 1895 3203 obtinuerat,

565 3233 752 3307 architecto
778 3236 949 3328 Rapbaele
972 3237 1132 3324 Sannio,
1157 3237 1388 3324 reficiendam,
1414 3242 1448 3310 δι
1471 3235 1608 3328 ρίέὶιιτίε
1629 3237 1815 3308 ornandam
1840 3259 1898 3309 cu·

491 3375 494 3380 ·
545 3355 675 3436 xravit,
701 3353 869 3454 adquam
898 3377 975 3426 cum
999 3380 1088 3448 equo
1112 3354 1230 3430 vedius
1266 3358 1383 3428 ivisset
1420 3379 1475 3428 an.
1507 3373 1684 3444 mmmm,
1719 3375 1898 3449 antequam

565 3473 705 3544 domum
724 3473 868 3560 rediret,
887 3473 1006 3548 invisit
1031 3477 1249 3548 Farnesianas
1277 3478 1374 3550 aedes
1400 3495 1555 3548 recenter
1580 3477 1793 3564 aedificatas,
1818 3476 1898 3567 plu·

568 3593 755 3684 rimamque
780 3591 932 3666 laudavit
956 3595 1131 3668 architedli
1158 3596 1311 3688 peritiam
1334 3597 1426 3686 (suit
1449 3597 1508 3669 hic
1533 3595 1702 3670 Antonius
1727 3622 1748 3668 a
1771 3599 1802 3667 S.
1819 3596 1901 3668 Gal·

569 3707 606 3782 lo
631 3712 772 3806 junior)
805 3717 838 3785 δι
862 3711 1005 3784 domini·
1025 3713 1332 3807 magnificentiam.
1358 3721 1505 3791 Ditiores
1547 3723 1635 3792 enim
1674 3741 1749 3790 cum
1788 3739 1898 3804 voce,
2006 3739 2008 3746 ·

569 3847 644 3904 tum
667 3829 820 3924 exemplo
843 3833 994 3906 excitare
1018 3831 1156 3906 volebat
1188 3835 1231 3909 ad
1254 3839 1376 3911 Urbem
1400 3823 1595 3936 hujusmodi
1620 3838 1774 3928 operibus
1798 3856 1902 3905 exor-

570 3951 744 4024 nandam.
768 3953 936 4047 Quodque
958 3953 1041 4028 nibil
1065 3972 1141 4026 erat
1162 3973 1231 4028 ram
1255 3955 1422 4044 arduum,
1450 3959 1532 4032 nihil
1558 3977 1627 4030 tam
1662 3955 1901 4048 magnificum,

571 4074 664 4165 quod
689 4072 730 4144 ab
754 4097 796 4145 eo
821 4095 892 4146 non
916 4074 1027 4149 solum
1050 4090 1123 4148 no'n
1146 4073 1361 4167 expedierant
1384 4079 1564 4159 homines,
1599 4079 1660 4150 sed
1692 4079 1795 4148 etiam
1832 4098 1903 4146 non

572 4184 797 4282 flagitarent,
822 4217 864 4266 ne
888 4196 1022 4270 deesset
1046 4184 1191 4290 pecunia
1212 4197 1257 4268 ad
1281 4196 1520 4270 absolvendam
1559 4199 1754 4270 vaticanam
1787 4195 1904 4268 Rasili-

573 4333 668 4398 cam,
694 4337 736 4385 ex
763 4315 982 4408 Indulgentiis
1008 4297 1190 4412 corrogare
1214 4317 1306 4391 illam
1329 4317 1395 4390 sibi
1414 4317 1516 4390 licere
1538 4320 1695 4408 putavit,
1715 4343 1791 4394 cum
1809 4315 1904 4412 qvod

575 4430 743 4522 dabattn,
769 4457 837 4510 non
861 4435 950 4528 sibi,
973 4437 1033 4510 sed
1057 4439 1132 4525 Deo
1155 4433 1336 4517 immortali
1358 4437 1474 4516 datum
1499 4439 1699 4522 videretur.
