4372 5842
636 701 701 778 r92
1019 681 1046 748 1.
1094 681 1121 750 li
1170 681 1203 751 0
1251 683 1280 751 Ν
1330 683 1344 749 1
1393 683 1415 750 S
1488 675 1528 745 X.

585 823 692 892 genus
717 791 966 890 praetermisit,
1005 801 1040 871 in
1078 824 1147 892 quo
1183 824 1253 871 non
1284 823 1320 872 se
1357 813 1551 882 exerceret,
1592 797 1628 896 ὃς
1659 791 1695 860 in
1734 811 1804 882 quo
1843 785 1925 878 quid

586 919 717 1004 vellet,
744 945 815 991 non
841 939 1141 1012 consequeretur.
1176 926 1215 992 Ia
1257 943 1299 990 eo
1342 939 1477 1012 quoque
1518 913 1696 1006 plurimum
1743 909 1927 989 laudatur,

583 1042 678 1130 quod
702 1064 832 1112 summa
857 1057 922 1132 ope
947 1041 1041 1112 nisus
1080 1059 1158 1124 est,
1193 1064 1236 1110 ne
1275 1041 1433 1109 Erasmus
1471 1036 1505 1105 in
1541 1033 1812 1104 lutheranorum
1840 1051 1924 1118 par-

582 1181 633 1232 tes
676 1161 922 1251 propenderet,
957 1168 991 1234 aa
1028 1185 1071 1233 ne
1105 1159 1411 1250 impurissimorum
1442 1153 1620 1223 hominum
1664 1151 1834 1223 fraudibus
1861 1149 1925 1220 de·

589 1280 657 1369 cipi
683 1303 719 1351 se
742 1302 933 1371 pateretur.
959 1285 1008 1352 Eo
1035 1281 1136 1352 etiarn
1163 1281 1304 1349 maxime
1339 1267 1534 1366 speilarunt
1570 1294 1672 1346 curae
1710 1269 1885 1340 Pontificis
1914 1321 1926 1354 ,

585 1401 681 1492 cujus
708 1422 825 1471 extant
851 1401 963 1492 plures
990 1403 1031 1472 ad
1055 1403 1230 1472 Erasmum
1258 1398 1369 1487 ipsum
1410 1393 1543 1463 litterae
1579 1409 1683 1461 testes
1724 1393 1922 1481 opinionis,

585 1545 686 1612 quam
712 1521 754 1590 de
781 1519 869 1590 illius
895 1520 1049 1592 doilrina
1083 1521 1251 1602 habebat,
1276 1522 1307 1583 δι
1334 1517 1440 1588 studii
1464 1514 1506 1584 de
1532 1513 1621 1583 illius
1647 1511 1817 1583 salute&
1842 1511 1925 1603 glo-

588 1641 658 1710 ria.
685 1641 835 1710 Noverat
850 1665 918 1712 non
934 1643 1044 1713 solum
1058 1642 1250 1724 hominem,
1278 1658 1456 1729 antequam
1479 1633 1637 1704 Pontifex
1655 1647 1828 1702 crearetur
1842 1681 1851 1710 ,
1866 1632 1927 1700 sed

483 1737 485 1744 ,
585 1759 688 1829 etiam
713 1757 920 1832 familiariter
944 1786 1020 1832 cum
1043 1785 1087 1831 eo
1114 1783 1315 1853 congressus
1356 1757 1488 1838 suerat,
1513 1779 1575 1826 nec
1612 1754 1676 1825 suit
1708 1775 1838 1842 tempus
1873 1749 1942 1820 ul·-

591 1877 685 1961 lum,
710 1901 779 1970 quo
803 1903 839 1949 se
865 1881 1117 1968 paratissimum
1138 1879 1273 1948 minime
1299 1878 1485 1949 ostenderit
1509 1875 1565 1948 uel
1591 1875 1633 1946 ad
1653 1872 1832 1944 levandam
1858 1870 1928 1940 for·

588 2015 707 2068 tunam
734 1998 824 2068 illius
845 2050 856 2080 ,
880 1997 935 2069 vel
965 1998 1008 2067 ad
1030 1978 1264 2069 honorandam
1287 2001 1468 2070 virtutem.
1493 2002 1576 2067 Cum
1613 1993 1792 2087 aliquando
1818 1993 1926 2080 ipsum

595 2120 866 2190 commendasset
891 2117 1038 2186 ilenrico
1065 2135 1148 2191 νυ).
1171 2120 1362 2190 Britanniae
1386 2119 1495 2210 Regi,
1522 2121 1684 2188 affirmare
1709 2114 1844 2184 minime
1868 2111 1930 2181 du·
1978 2141 1984 2169 r

590 2239 740 2326 bitavit,
766 2261 805 2310 se
830 2217 1006 2308 numerare
1032 2237 1067 2304 iu
1102 2239 1238 2326 primis,
1281 2240 1340 2330 qui
1374 2237 1527 2312 doilrina
1566 2243 1599 2310 br
1631 2233 1824 2326 eloquentia
1857 2255 1926 2301 rem

595 2357 798 2430 catholicam
825 2362 940 2454 juvare
966 2359 1180 2448 potuissent.
1205 2362 1354 2430 Tantum
1374 2385 1457 2433 uero
1483 2359 1649 2430 tribuebat
1670 2359 1827 2426 Erasmus
1843 2355 1928 2422 Leo·

585 2478 644 2563 ni,
670 2495 708 2547 ut
733 2501 811 2548 cum
836 2479 918 2548 huic
944 2500 1174 2570 nuncupasset
1205 2483 1340 2552 Novum
1373 2483 1631 2553 Testamentum
1668 2499 1687 2545 a
1726 2497 1761 2546 se
1795 2477 1926 2544 Graece

582 2603 618 2670 δι
651 2599 768 2668 Latine
797 2599 950 2680 editum,
973 2601 1038 2670 sibi
1063 2601 1105 2670 de
1131 2623 1173 2670 eo
1200 2624 1280 2674 uere
1305 2597 1408 2671 licere
1433 2597 1628 2693 praedicare
1643 2595 1812 2686 putaverit
1827 2620 1838 2662 .·
1856 2593 1920 2661 tria

584 2713 626 2788 ab
651 2738 690 2788 eo
715 2715 801 2788 bona
824 2720 959 2812 generis
993 2719 1132 2790 humani
1167 2722 1316 2792 restituta
1347 2720 1481 2812 scrisse,
1515 2719 1671 2812 pietatem
1706 2714 1922 2786 christianam

580 2836 693 2912 multis
729 2840 831 2910 modis
866 2839 1045 2935 collapsam
1055 2889 1068 2922 ,
1092 2843 1233 2934 optimos
1260 2841 1386 2914 litterar
1406 2843 1531 2938 partim
1557 2837 1721 2935 neglec’las
1738 2837 1917 2918 iaciemus,

578 2959 704 3054 partim
727 2977 922 3054 corruptas,
948 2961 979 3033 dr
1001 2961 1171 3057 publicam
1197 2959 1228 3034 ἐν
1251 2981 1445 3057 perpetuam
1469 2959 1559 3031 orbis
1584 2959 1764 3031 Christiani
1786 2979 1927 3030 concor·

582 3081 690 3165 diam,
714 3083 851 3174 pietatis
888 3079 1141 3154 &eruditionis
1161 3084 1312 3174 fontem.
1350 3085 1446 3155 Haec
1487 3098 1606 3165 erunt,
1649 3079 1779 3150 addidit
1819 3081 1920 3168 ipse,

579 3224 748 3298 nunquam
772 3202 1016 3273 intermoritura
1036 3201 1170 3274 ·Leonr's
1197 3203 1237 3273 X.
1263 3205 1447 3299 tropltoea,
1479 3227 1568 3300 quoe
1605 3201 1771 3272 cleriorum
1808 3179 1921 3270 ironii-

575 3347 654 3394 rrum
680 3321 797 3394 litteris
822 3337 976 3392 aeternae
1001 3324 1173 3393 raemoriae
1199 3345 1394 3398 consecrata
1411 3343 1503 3397 tuum
1529 3317 1788 3412 Pontificatum,
1803 3337 1919 3392 tuam·

577 3467 641 3538 que
664 3460 795 3537 geraram
828 3465 958 3535 semper
981 3441 1214 3513 illustrabunt.
1253 3449 1339 3514 Cum
1376 3445 1600 3516 intellexisset
1638 3465 1721 3514 vero
1757 3465 1777 3511 a
1816 3443 1917 3510 Petro

576 3564 709 3634 Caraffa
735 3563 777 3631 ad
802 3561 999 3634 Britanniae
1033 3567 1157 3655 Regem
1183 3563 1310 3654 legato
1347 3563 1540 3649 pontificis,
1583 3565 1675 3634 hunc
1716 3583 1919 3653 magnopere

582 3703 728 3770 cupere,
756 3699 794 3750 ut
819 3705 935 3773 perse
966 3705 1102 3774 quoque
1135 3683 1403 3755 emendatissime
1434 3683 1612 3774 ederentur
1649 3686 1681 3753 S.
1723 3682 1920 3768 Hieronymi

582 3801 737 3890 scripta,
759 3825 794 3871 se
819 3825 951 3872 omnem
976 3824 1092 3872 curam
1116 3805 1150 3872 bc
1175 3801 1381 3894 diligentiam
1408 3804 1635 3876 adhibiturum
1656 3803 1825 3894 pollicitus
1847 3821 1923 3880 est,

531 3907 535 3916 ¹
579 3937 619 3990 ut
643 3917 721 3988 huic
747 3916 935 3992 reilissimo
962 3921 1078 3991 studio
1102 3919 1306 3990 satisfieret.
1331 3923 1396 3994 Sed
1422 3924 1450 3994 is
1476 3947 1518 3993 ne
1549 3923 1615 3998 fuit
1652 3943 1783 4009 semper
1824 3923 1923 3992 Eras-

578 4061 679 4121 mus,
704 4036 1016 4131 quem'quaerebat
1040 4041 1237 4130 &optabat
1263 4042 1361 4111 Leo?
1387 4043 1420 4112 Si
1458 4039 1707 4130 suspicionibus
1745 4043 1918 4112 materiem

576 4157 696 4244 dedit,
727 4161 756 4230 si
791 4157 970 4232 voluntate
1002 4159 1114 4232 miuus
1153 4159 1268 4232 firmus
1305 4159 1369 4232 fnit
1403 4162 1440 4233 in
1475 4163 1689 4235 defendenda
1729 4161 1924 4234 catholicae

576 4279 747 4354 Fcelesiae
773 4301 917 4362 caussa,
940 4301 1012 4350 non
1036 4298 1149 4352 tamen
1174 4277 1252 4351 illos
1278 4281 1465 4358 audiendos
1486 4303 1593 4375 puto,
1618 4284 1677 4375 qui
1701 4281 1791 4354 illam
1822 4303 1925 4372 pror«,
1959 4261 1965 4268 ¹

578 4422 637 4472 sus
663 4395 854 4471 deseruisse
880 4401 1069 4474 affirmant.
1992 4377 1996 4391 ’

1787 4625 1873 4694 Pro·
