4372 5842
683 647 713 713 V
804 641 823 712 l
919 647 951 718 Τ
1049 643 1079 714 Α
1125 705 1129 712 .
1249 721 1252 726 ,
1458 663 1521 734 tyr

246 771 478 850 sacrosandlae
504 765 738 838 lateranensis
774 761 882 834 Aulae
912 763 1111 864 comitatum
1131 776 1195 834 sua
1224 780 1344 854 sponte
1368 764 1475 851 ipsum
1496 783 1574 832 coo·

239 897 347 986 ptavit
370 943 380 974 ,
406 897 439 962 δι
468 891 503 960 in
538 886 683 961 Romani
712 883 838 954 Pontifi
852 902 947 953 catus
970 883 1163 954 Scribarum
1184 905 1323 952 numero
1343 904 1416 951 esse
1439 877 1573 950 voluit.

240 1007 597 1086 Tantaeliberalitati
625 1025 663 1074 ut
691 1005 910 1092 responderet
937 999 1124 1093 Longolius
1162 1023 1275 1081 ,cum
1304 1001 1404 1070 sciret
1429 998 1474 1070 nil
1504 1019 1573 1072 tant

241 1158 341 1208 curae
371 1155 445 1201 esse
475 1128 664 1212 Pontifici,
707 1147 809 1217 quam
844 1143 881 1192 ut
913 1122 1184 1190 Lutlietanotum
1226 1117 1370 1192 audacia
1409 1124 1442 1188 δι
1475 1119 1574 1189 mise·

243 1253 355 1324 rabilis
389 1250 521 1322 inscitia
560 1265 835 1338 coargueretur,
873 1242 1018 1330 acceptis
1051 1239 1092 1308 ab
1123 1261 1164 1308 eo
1195 1242 1298 1308 totius
1323 1262 1459 1310 caussae
1481 1263 1573 1308 com·

243 1369 416 1440 mentariis
433 1420 446 1462 ι,
482 1366 696 1437 orationibus
724 1388 799 1434 eam
825 1361 998 1451 complefli
1020 1377 1209 1430 statuerat.
1235 1363 1361 1428 Harum
1377 1361 1472 1429 unica
1496 1380 1575 1428 tan·

246 1491 419 1560 tummodo
450 1505 566 1571 extat,
592 1483 648 1553 illa
678 1482 815 1573 quidem
858 1479 992 1570 elegans
1022 1485 1055 1552 bt
1092 1481 1174 1550 satis
1199 1481 1406 1562 veltcmcns·;
1431 1479 1575 1572 reliquas

245 1629 288 1675 ne
318 1605 529 1692 absolveret,
554 1602 633 1674 fecit
672 1600 841 1672 Pontificis
867 1621 975 1678 mors,
1002 1599 1121 1690 suique
1142 1594 1267 1681 dolor,
1307 1621 1381 1666 curn
1409 1597 1444 1666 iu
1474 1599 1576 1690 ipsius

243 1727 315 1798 vita
350 1746 484 1796 omnem
510 1743 603 1808 spem
632 1719 846 1790 fortunarum
881 1719 1146 1810 studiorumque
1184 1739 1321 1787 suorum
1354 1715 1576 1790 collocasset.

340 1845 406 1914 Sed
436 1869 477 1915 eo
517 1843 664 1924 redeat,
688 1838 777 1910 unde
817 1837 970 1929 Lou'golii
994 1859 1116 1907 caussa
1141 1837 1292 1908 discessit
1319 1838 1462 1908 oratio.
1489 1837 1577 1928 Nihil

247 1985 347 2051 porto
376 1961 440 2034 suit
468 2015 479 2048 ,
508 1963 601 2055 quod
635 1961 678 2032 ad
709 1961 812 2030 decus
847 1961 878 2024 δι
907 1954 1121 2046 splendorem
1156 1959 1342 2046 pertineret
1374 1959 1476 2048 Lycei
1507 1980 1579 2030 turn
1674 2027 1676 2030 .

246 2083 457 2167 florentini,
483 2104 554 2152 turn
581 2078 728 2164 Pisani,
755 2101 899 2171 qnorum
923 2075 1032 2167 gloria
1059 2082 1092 2149 bt
1118 2079 1363 2148 administratio
1389 2077 1432 2149 ad
1457 2100 1576 2151 nostra

247 2224 354 2292 usque
377 2221 530 2292 tempora
560 2197 738 2291 conjuncla
774 2198 875 2281 suit,
912 2197 1092 2290 quodlso
1126 2215 1185 2268 aut
1220 2221 1279 2288 pcr
1314 2219 1382 2285 sc,
1424 2218 1483 2270 aut
1519 2223 1578 2291 per

248 2343 337 2406 eos,
372 2322 430 2413 qui
452 2319 678 2414 gubernacula
712 2317 925 2407 Reipublicae
959 2317 1032 2408 ejus
1055 2319 1190 2387 nomine
1225 2317 1448 2404 tradebant,
1485 2323 1578 2394 omni

250 2441 362 2511 studio
392 2465 462 2512 non
478 2442 674 2512 curaverit.
699 2438 788 2508 Satis
807 2438 873 2508 erit
900 2437 1031 2506 dixisse
1058 2459 1145 2530 quae
1172 2455 1361 2528 temporum
1386 2439 1582 2532 iniquitate,

250 2564 284 2631 δι
311 2561 476 2650 pecuniae
502 2559 701 2630 difficultate
726 2611 736 2642 ,
761 2559 881 2630 addant
916 2555 1017 2628 etiarn
1053 2575 1234 2626 nocentum
1267 2555 1397 2628 malitia
1433 2581 1583 2629 exarue-

251 2699 328 2750 rant
349 2733 360 2764 ‚
385 2679 590 2750 liberalitate
620 2678 794 2748 Pontificis
823 2677 1038 2748 reviruisse.
1061 2681 1164 2747 Extat
1197 2679 1336 2772 benigni
1375 2661 1515 2750 Salviati
1541 2679 1585 2751 ad

254 2799 361 2888 ipsum
394 2798 540 2890 epistola
565 2853 575 2886 ,
601 2823 644 2870 ex
676 2823 744 2891 qua
779 2798 902 2892 conjici
929 2813 1043 2886 potest
1064 2815 1229 2887 quantum
1252 2797 1301 2868 illi
1324 2811 1429 2869 'carrae
1454 2799 1554 2872 luerit
1577 2849 1593 2888 ,Ι

217 2986 219 2990 ,
252 2937 293 2987 ut
336 2941 414 2990 cnm
447 2917 572 2993 ceteris
610 2918 724 2991 studia
758 2939 892 3008 quoque
936 2938 1047 2987 rerum
1075 2917 1267 2989 divinarum
1316 2919 1352 2990 in
1388 2919 1447 3020 iis·
1469 2915 1586 3008 Lyceis

253 3035 453 3128 florerent,
489 3044 523 3110 nc
551 3038 587 3108 in
615 3039 668 3110 iris
689 3037 836 3129 'quidem
864 3038 949 3108 adeo
980 3035 1145 3108 excelleie
1179 3039 1361 3129 putabatur
1384 3039 1487 3112 homo
1507 3041 1589 3124 ille,

255 3181 293 3233 ut
319 3163 386 3232 Leo
413 3213 426 3246 ,
452 3161 510 3252 qui
535 3157 629 3230 illurn
657 3159 891 3230 institutorem
914 3159 949 3228 in
983 3156 1214 3230 adolescentia
1248 3161 1435 3246 habuerat,
1469 3165 1586 3236 adesse

256 3303 392 3372 quoque
416 3277 567 3352 voluerit
599 3280 817 3363 Lateranensi
842 3277 1030 3363 Concilio,
1058 3279 1188 3370 inquo
1215 3281 1372 3369 primas,
1407 3310 1483 3356 cum
1521 3285 1589 3358 ali·
1616 3363 1623 3372 ,

257 3397 339 3490 quid
363 3398 398 3468 in
423 3399 689 3470 controversiam
714 3393 937 3481 vocabatur(
963 3415 1037 3466 erat
1064 3399 1151 3466 enim
1174 3400 1411 3474 subtilissimus
1437 3405 1589 3496 disputa·

257 3519 344 3606 tor)
364 3517 472 3608 egisse
490 3517 650 3588 videtur.
674 3519 815 3588 Pisanos
839 3539 978 3610 quoque
997 3517 1159 3588 Doctores
1184 3519 1268 3590 alios
1285 3521 1512 3613 singularibus
1531 3526 1594 3596 ho·

260 3633 402 3708 notibus
427 3635 563 3706 affecit.
588 3637 729 3710 Crescit
753 3638 841 3708 enim
863 3637 946 3708 Fani
972 3639 1145 3708 fortunae
1165 3639 1368 3732 Episcopum
1394 3627 1592 3736 Gregorium

259 3753 424 3826 Gherium
446 3750 705 3844 Pistoriensem,
728 3758 901 3832 hominem
916 3756 1084 3826 Pontificii
1104 3758 1186 3850 juris
1206 3761 1360 3846 scientia,
1380 3767 1412 3832 δι
1428 3765 1541 3836 studio
1558 3767 1594 3836 in

259 3867 432 3943 Mediceos
455 3894 571 3947 omnes
595 3873 841 3960 clarissimum.
866 3899 905 3950 ac
931 3897 1050 3964 postea
1065 3875 1230 3964 praefecit
1247 3877 1381 3951 Parmae
1400 3901 1434 3950 et
1458 3883 1596 3953 Placen·

262 3989 331 4061 tiae
346 3989 505 4078 urbibus3
525 3995 722 4085 praeposuit
755 3997 1023 4070 Ariminensibus
1038 4001 1087 4070 io.
1106 3995 1270 4066 Albitinm
1289 3972 1541 4086 l'lorentinum,
1559 4007 1594 4074 dt

263 4107 334 4180 aliis
358 4102 536 4184 decoravit
560 4115 757 4186 muneribus
785 4121 852 4198 ,δι
875 4116 1005 4188 ditibus
1021 4121 1124 4188 auxit
1149 4117 1372 4202 sacerdotiis;
1398 4118 1513 4191 tribuit
1535 4091 1598 4194 ho·

263 4248 365 4297 nores
390 4227 612 4320 amplissimos
638 4235 823 4307 Laurentio
848 4237 1000 4314 Pnccio;
1027 4238 1177 4326 suscepit
1200 4237 1427 4326 patrocinium
1464 4241 1511 4308 lo.
1539 4241 1598 4311 Vi·

267 4341 363 4416 (lorii
390 4347 559 4422 Pratensis
581 4353 767 4428 Minoritae
796 4353 910 4428 matins
935 4356 1049 4428 vexati
1075 4355 1311 4442 contumeliis,
1347 4357 1461 4428 multis
1485 4357 1597 4452 jactati

267 4461 401 4558 injuriis
421 4514 434 4556 ,
457 4492 601 4566 euntque
633 4474 835 4572 Tbebattum
868 4475 1173 4568 Archiepiscopunt
1196 4475 1358 4566 crearit,·
1386 4479 1599 4551 Hormanno·

784 4653 788 4660 ,
876 4595 956 4670 Ya
