4386 5838
704 663 734 730 V
831 666 846 734 l
944 665 974 733 T
1073 663 1102 732 A
1385 659 1389 665 '
1495 681 1558 749 115

264 783 328 868 diis
350 783 552 866 Pontificis,
577 783 688 876 quisi
714 783 748 854 id
773 783 883 854 solum
909 783 1036 854 bonum
1067 781 1271 876 judicasset,
1298 783 1388 874 quod
1409 777 1535 852 renum
1572 783 1606 850 δι

265 907 446 976 honestum
472 924 543 980 est,
570 901 707 974 minime
741 925 859 994 passus
888 901 1009 974 luisset
1050 906 1214 978 dominari
1249 905 1283 974 in
1323 900 1429 972 libera
1465 901 1603 972 civitate

264 1027 432 1096 hominem
455 1000 510 1109 ,a
536 1051 604 1118 quo
630 1025 744 1094 omnia
770 1048 903 1114 praeter
929 1027 1097 1119 egregiam
1122 1026 1220 1096 fidem
1252 1025 1286 1096 in
1312 1025 1483 1118 Mediceos
1509 1018 1606 1088 desi·

264 1146 440 1228 derasses.
466 1144 647 1215 lrrsolentia
673 1143 868 1214 dominatus
893 1146 1017 1217 extulit
1044 1148 1127 1218 adeo
1156 1147 1301 1216 animum
1327 1141 1444 1228 illius,
1480 1143 1604 1212 utrix

267 1263 338 1335 ullo
365 1266 464 1335 modo
491 1265 561 1352 ejus
589 1263 752 1336 audaciae
776 1269 810 1334 ur
837 1266 1067 1354 impudentiae
1094 1267 1214 1339 obsisti
1238 1283 1375 1358 posset,
1400 1281 1603 1351 tantumque

268 1383 358 1454 inse
384 1386 533 1454 omnium
556 1384 669 1454 odium
694 1383 911 1469 concitavit,
946 1406 983 1456 ut
1011 1386 1150 1456 alterius
1175 1385 1350 1476 Tarquinii
1375 1382 1512 1454 nomine
1538 1405 1605 1468 ap·

268 1500 447 1594 pellaretut
472 1499 579 1589 (48).
605 1508 666 1578 Pet
691 1509 775 1580 haec
800 1529 869 1580 non
895 1505 1004 1578 solum
1031 1501 1236 1589 audioritas,
1263 1505 1320 1571 sed
1358 1501 1457 1573 etiam
1498 1497 1607 1570 sortu·
1713 1519 1715 1524 ·

269 1641 333 1692 nae
357 1622 522 1712 Alphonsi
546 1627 731 1698 Cardinalis
758 1630 937 1720 plurimum
964 1626 1164 1698 imminutae
1190 1623 1348 1706 fuerunt,
1374 1621 1468 1712 qu'od
1500 1621 1605 1688 homo

268 1741 563 1815 ambitiosissimus
589 1750 838 1838 &sumptibus
864 1746 1072 1820 effusissimis
1108 1745 1241 1816 deditus
1278 1742 1511 1813 molestissime
1553 1761 1623 1816 tu«¹

269 1859 334 1944 lit,
367 1887 403 1934 se
443 1863 553 1952 ipsum
592 1868 811 1939 vehementer
837 1867 1021 1950 incusans,
1049 1863 1173 1948 fadlum
1195 1887 1258 1934 sua
1282 1863 1400 1950 culpa,
1428 1881 1467 1930 ut
1490 1860 1525 1929 iu
1552 1877 1606 1928 tot

270 1981 360 2054 mala
387 1983 589 2071 incidisset,
613 1986 742 2058 idcirco
767 1987 846 2078 qnia
871 1985 992 2056 studiis
1018 1989 1052 2057 8(
1076 1984 1243 2076 suffragiis
1280 1984 1349 2056 suis
1374 1981 1465 2056 viam
1503 1979 1608 2051 Leoni

271 2101 465 2174 muniverat
492 2104 534 2174 ad
558 2108 729 2178 Summum
753 2106 986 2176 Pontificatum
1010 2101 1257 2178 obtinendum.
1281 2105 1399 2194 Neque
1423 2102 1478 2171 hic
1493 2101 1604 2172 solum
1685 2109 1689 2120 '

273 2216 397 2310 ingrati
420 2221 553 2308 animi,
579 2224 639 2293 sed
664 2225 764 2295 etiam
789 2223 1016 2294 inconstantis
1042 2221 1175 2310 culpam
1209 2222 1410 2292 contraxit.
1450 2225 1533 2291 Nam
1559 2223 1607 2309 ip·

271 2361 369 2424 stim,
394 2359 431 2409 ut
458 2340 610 2432 aiebant,
634 2369 653 2417 e
679 2325 908 2416 Palatinorum
933 2366 1074 2414 numero
1095 2365 1169 2412 esse
1193 2319 1340 2434 jusserat
1370 2395 1380 2427 ,
1416 2343 1613 2434 donaverat¹

276 2459 480 2532 Volsiniensi
503 2465 633 2553 oppido
658 2517 668 2552 ,
712 2467 745 2533 dt
769 2466 871 2536 domo
895 2487 972 2537 cum
996 2466 1096 2539 vinea
1122 2465 1162 2536 ad
1185 2467 1216 2534 S.
1242 2441 1496 2534 Pudentianae.
1521 2467 1607 2534 Tam

221 2675 226 2684 Ι
271 2578 395 2668 justum
420 2582 537 2654 odium
560 2586 669 2656 movit
692 2585 800 2658 serum
826 2586 1001 2678 iuvenem·
1017 2589 1058 2658 ad
1086 2585 1294 2668 ulciscendas
1319 2583 1466 2676 publicas
1490 2581 1608 2672 priva·

272 2717 392 2792 casque
415 2701 580 2794 injurias,
604 2709 637 2775 δι
663 2707 814 2796 quamvis
841 2709 1002 2794 e·Latio,
1028 2732 1097 2798 quo
1123 2732 1159 2778 se
1185 2732 1221 2777 se
1246 2723 1443 2794 receperat,
1464 2705 1606 2772 Romam

273 2821 405 2892 rediens
429 2823 572 2915 mitigati
597 2825 698 2896 alumi
724 2827 820 2916 signa
845 2825 996 2913 dederit,
1023 2828 1121 2918 quasi
1144 2826 1311 2917 patientia
1334 2825 1501 2898 mitiorem
1525 2825 1608 2893 elle·

271 2941 402 3024 cisset,
428 2943 601 3015 continere
626 2963 738 3017 tamen
762 2944 898 3016 minime
922 2967 961 3014 se
986 2961 1142 3034 poterat,
1171 2933 1261 3037 quin
1300 2944 1471 3014 interdum
1504 2941 1607 3040 male·

273 3057 361 3130 diua
386 3062 508 3154 jaceret
531 3061 566 3131 in
591 3083 674 3132 suae
700 3059 900 3134 calamitatis
925 3064 1102 3138 aridiores.
1128 3069 1262 3137 Famam
1288 3045 1388 3138 etiam
1423 3062 1527 3134 luisse
1551 3083 1608 3135 te-

274 3195 386 3250 statur
410 3182 524 3253 Jorius
564 3181 620 3255 trel
643 3183 678 3254 in
703 3182 777 3273 ipso
812 3187 962 3271 Senatu,
998 3186 1054 3257 vel
1084 3187 1122 3256 in
1146 3185 1332 3258 uenatione
1364 3161 1607 3276 cogitasse'de

274 3297 457 3380 occidendo
494 3301 677 3388 Pontifioe,
713 3305 774 3376 sed
805 3295 1017 3376 continuisse
1051 3304 1200 3376 furorem
1232 3316 1359 3387 -s'uum,
1395 3328 1473 3375 cum
1498 3305 1606 3374 urtius

276 3417 503 3501 existimasset
525 3444 596 3496 non
621 3424 658 3496 vi
680 3445 785 3518 atque
812 3425 1052 3516 impressione,
1078 3425 1136 3496 sed
1160 3424 1303 3498 occultis
1329 3424 1413 3496 dolis
1446 3425 1561 3514 ipsum
1588 3447 1608 3494 e

277 3538 389 3609 medio
425 3517 566 3614 tollere.
596 3547 686 3614 Turn
717 3544 817 3626 fidem
850 3545 1041 3636 imploravit
1076 3533 1224 3637 chirurgi
1261 3543 1434 3641 cujusdam
1475 3543 1621 3615 nomine·

276 3660 476 3748 Baptistae,
499 3663 611 3752 patria
635 3662 887 3751 vercellensis,
912 3664 1062 3736 hominis
1087 3662 1224 3748 callidi,
1256 3670 1290 3737 dt
1315 3666 1520 3737 veteratoris
1556 3665 1612 3734 in·

276 3777 403 3870 signis,
427 3783 485 3874 qui
510 3805 547 3854 se
571 3781 717 3878 jadlabat
741 3809 811 3858 non
835 3783 937 3857 modo
963 3777 1147 3868 mirabilia,
1170 3783 1230 3854 sed
1256 3788 1289 3856 dt
1314 3784 1473 3875 prodigiis
1486 3781 1610 3855 similia

273 3894 310 3966 in
336 3916 409 3970 arte
432 3923 494 3974 sua
525 3900 636 3978 facere
661 3929 781 3996 posse,
808 3925 912 3999 atque
937 3902 1084 3976 fecisse.
1111 3901 1191 3995 Ejus
1216 3905 1360 3975 vocibus
1385 3903 1611 3994 respondebat

273 4017 388 4106 oratio
411 4019 601 4115 Alphousi,¹
625 4023 675 4100 sic
697 4045 737 4098 ut
762 4023 852 4098 illius
877 4024 996 4116 opinio
1020 4023 1143 4096 mirum
1167 4025 1202 4095 in
1227 4025 1363 4096 modum
1388 4024 1552 4096 creverit.
1572 4021 1612 4094 ld

274 4159 317 4208 eo
340 4140 563 4231 respiciebat,
586 4161 626 4220 ut
649 4145 811 4218 Pontifex
836 4145 1005 4218 curandae
1031 4165 1152 4216 caussa
1174 4143 1333 4227 fistulae,
1355 4165 1446 4233 quae
1484 4140 1611 4236 jamdiu

276 4253 326 4342 illi
347 4259 382 4332 in
409 4260 477 4332 ima
501 4261 603 4347 sede,
629 4263 911 4354 quemadmodum
938 4264 1017 4336 alibi
1056 4263 1258 4346 innuimus,
1280 4267 1361 4334 n‘ata
1385 4279 1484 4346 erat,
1507 4265 1541 4333 δι
1565 4261 1612 4331 ob

276 4400 379 4468 quam
404 4378 507 4451 semel
531 4381 722 4474 iterumque
744 4382 779 4453 in
801 4383 893 4456 vitae
919 4380 1107 4473 periculum
1132 4379 1294 4454 addudus
1319 4381 1414 4465 suit,
1447 4380 1507 4452 illo
1541 4375 1630 4448 chi-⁷

219 4551 222 4556 -
274 4517 401 4594 nugo,
424 4497 535 4576 vetui
558 4517 714 4590 remoto,
738 4525 777 4577 ac
802 4508 974 4579 venenato
1005 4503 1253 4582 medicamento
1287 4521 1463 4582 uteretur.
1482 4503 1611 4573 ⁴Locus
1717 4596 1720 4602 .

961 4620 987 4694 P
1012 4643 1034 4698 a
