4372 5842
650 647 723 704 nro
991 645 993 650 ’
1045 625 1072 696 t
1118 625 1146 698 Ε
1193 626 1227 700 O
1275 629 1306 699 Ν
1353 630 1368 699 1
1422 623 1445 697 S
1517 631 1562 703 X.

597 748 782 824 Alexandri
807 752 842 823 dc
864 747 940 822 lulii
963 745 1144 840 exemplo,
1169 749 1229 842 qui
1264 747 1457 840 saepissime
1481 747 1672 822 sacerdotia
1693 747 1829 841 venalia
1854 771 1934 841 pro-

472 903 476 913 ν
599 888 799 960 posuerunt,
822 893 900 944 curn
925 871 966 942 ab
992 871 1172 945 ambitiosis
1198 873 1232 942 oc
1255 869 1382 942 ditibus
1408 869 1552 960 pretium
1574 863 1736 952 duarum,
1754 889 1814 942 aut
1829 870 1933 943 trium

489 977 509 994 ’“
602 991 827 1080 decimarum,
852 998 886 1064 ir
911 989 1084 1064 biennales
1109 992 1211 1063 etiam
1234 989 1388 1063 redditus
1406 1007 1669 1081 antecaperent,
1694 995 1727 1064 er
1750 990 1868 1062 officiis
1886 1012 1940 1062 sa·

604 1112 759 1184 cerdotia
784 1104 976 1203 permutare
1000 1113 1062 1184 sibi
1084 1111 1159 1206 iure
1180 1109 1308 1202 optimo
1330 1107 1430 1184 licere
1457 1109 1702 1184 arbitrarentur
1720 1105 1832 1202 (rap)
1851 1156 1860 1177 ·
1877 1113 1943 1182 Ca·

601 1231 753 1304 rissimus
777 1231 840 1304 illi*
854 1249 927 1302 erat
950 1232 1093 1302 loannes
1122 1229 1301 1303 Blanchius
1326 1215 1575 1314 cubicularius,
1612 1231 1672 1325 qui
1707 1253 1784 1302 cum
1822 1229 1939 1302 nescio

528 1347 533 1355 ’
602 1353 686 1446 quid
707 1353 936 1444 postulasset,
960 1353 1053 1446 quod
1076 1350 1221 1424 ebenum
1246 1341 1267 1426 a
1289 1375 1463 1426 sacrorum
1488 1375 1659 1438 canonum
1681 1349 1824 1424 decretis
1844 1335 1938 1426 vide·

600 1475 631 1570 ri
654 1489 812 1566 poterat,
836 1471 1072 1564 percunciatus
1096 1471 1253 1546 Pontifex
1277 1490 1445 1568 quantum
1482 1469 1733 1558 emolumenti,
1772 1491 1937 1544 concesso

604 1592 793 1679 beneficio,
817 1593 1045 1666 obventurum
1066 1590 1116 1664 illi
1140 1610 1254 1678 esset,
1281 1594 1578 1687 respondissetque
1600 1593 1770 1664 ducentos
1792 1615 1937 1678 aureos,

601 1714 745 1788 totidem
768 1738 788 1786 e
814 1735 973 1786 crumena
997 1713 1214 1797 numeravit,
1239 1735 1279 1784 ac
1295 1711 1444 1786 libellum
1458 1713 1657 1804 discerpsit.
1682 1712 1835 1784 Habebat
1848 1711 1938 1784 enim

598 1857 733 1926 semper
757 1856 873 1906 secum
899 1833 1102 1926 pecuniam,
1127 1855 1227 1926 quam
1251 1833 1377 1916 daret,
1401 1857 1444 1906 ne
1468 1833 1653 1908 differendo
1677 1829 1852 1905 videretur
1867 1855 1938 1942 ⁸ne·

597 1933 702 2056 gare‘,
725 1981 786 2034 eos
806 1951 960 2050 ‘principe
983 1955 1061 2030 loco
1085 1960 1245 2053 indignos
1271 1960 1502 2044 existimans,
1531 1960 1590 2054 qui
1616 1981 1826 2053 nequaquam
1861 1957 1939 2030 for-

598 2095 705 2154 tunae
726 2081 921 2154 muneribus
946 2099 1123 2165 uterentur
1149 2081 1192 2153 ad
1214 2079 1450 2154 liberalitatem
1475 2080 1719 2165 exercendam,
1745 2099 1850 2172 atque
1866 2077 1939 2148 ino·

489 2200 491 2206 ’
597 2199 692 2302 piam
714 2193 977 2278 sublevandam.
1001 2203 1114 2297 Atque
1139 2200 1176 2275 id
1196 2223 1268 2274 non
1283 2219 1408 2274 natura
1419 2197 1534 2272 solum
1548 2197 1695 2282 faciebat
1713 2193 1938 2293 (quanquam

596 2347 718 2400 omnes
740 2325 774 2397 ei
798 2327 983 2418 paremus)
1023 2324 1085 2396 sed
1115 2320 1222 2396 etiam
1256 2321 1439 2409 dodlrlna,
1474 2319 1699 2396 domesticum
1735 2343 1773 2395 se
1812 2320 1936 2397 habere

596 2443 790 2537 exemplum
812 2445 929 2518 dicens
951 2443 995 2516 ad
1020 2442 1239 2518 imitandum.
1262 2443 1386 2516 Omnia
1409 2441 1498 2517 enim
1521 2446 1556 2518 bt
1580 2437 1669 2516 didla
1693 2445 1728 2515 cr
1760 2441 1851 2516 fadla
1873 2445 1939 2517 Pa·

597 2565 661 2644 tris
697 2563 928 2654 meminerat,
962 2565 1023 2662 qui
1053 2582 1194 2658 propter
1231 2559 1516 2658 magnificentiam
1566 2553 1776 2638 liberalitatis
1813 2585 1938 2640 nomen

592 2675 695 2768 suun
717 2671 968 2766 immortalitati
992 2681 1267 2757 commendarit.

694 2807 744 2880 At
766 2826 839 2880 non
862 2804 975 2879 minus
999 2804 1066 2878 hac
1089 2805 1219 2882 virture
1245 2803 1335 2895 apud
1355 2825 1474 2880 omnes
1506 2799 1707 2899 pervulgata
1745 2801 1812 2878 fnit
1848 2803 1938 2881 fana

596 2923 746 3006 Leonis.
765 2927 803 3000 Si
825 2948 925 3020 quem
950 2923 1090 2998 vidisset
1113 2923 1244 3000 vestitu
1267 2923 1384 3000 humili
1406 2945 1510 3018 atque
1534 2923 1714 3010 obsoleto,
1738 2925 1799 3022 qui
1823 2928 1939 3018 probi·

526 3043 528 3050 ’
553 3112 555 3114 ,
595 3067 705 3124 tatem
726 3044 907 3143 quamdam
931 3049 966 3120 dr
992 3043 1235 3138 ingenuitatem
1259 3069 1341 3140 prae
1365 3067 1403 3117 se
1427 3045 1587 3136 tulisset,
1611 3046 1729 3120 statim
1753 3047 1939 3122 subvenie-

596 3167 659 3240 bat
687 3163 770 3255 illi;
793 3166 1007 3261 iniquitatem
1031 3164 1192 3240 fortunae
1213 3167 1283 3268 pati
1311 3165 1451 3240 minime
1471 3165 1604 3239 sinebat
1626 3189 1686 3240 eos
1707 3219 1718 3255 ,
1743 3169 1801 3260 qui
1824 3167 1938 3259 aliqua

575 3269 672 3362 'arte
696 3286 893 3382 praesertim
913 3284 1046 3362 liberali
1069 3286 1412 3367 commendabantura
1437 3285 1555 3361 aderat
1577 3285 1665 3374 illis,
1686 3309 1773 3381 quos
1789 3287 1937 3362 invidiae

596 3407 809 3502 ingratorum
833 3407 957 3482 civium
976 3389 1118 3482 cessisse
1141 3405 1375 3503 intelligebat,
1398 3409 1433 3480 bt
1463 3406 1523 3501 qui
1548 3405 1690 3482 militiae
1716 3431 1839 3485 munus
1871 3432 1938 3484 su-

595 3528 817 3613 stinuerant,
846 3525 1039 3622 erqulbus
1070 3525 1184 3618 plures
1209 3527 1369 3600 cohortes
1394 3528 1597 3602 contrahere
1622 3529 1758 3620 potuita
1781 3528 1940 3621 complu-

599 3645 707 3720 timos
731 3667 797 3722 suo
822 3665 961 3740 sumptu
986 3646 1098 3722 alebat
1122 3647 1380 3735 adolescentes,
1403 3647 1593 3742 inquibus
1618 3646 1786 3744 egregiam
1821 3671 1939 3742 quam·

515 3857 519 3864 ⁵
596 3766 678 3840 dam
701 3769 738 3842 bt
765 3764 975 3860 praeclaram
999 3765 1147 3840 indolem
1166 3767 1214 3842 ad
1236 3766 1370 3842 litteras
1399 3765 1632 3863 ingenuasque
1657 3789 1747 3842 artes
1772 3767 1939 3841 excolen-

595 3887 660 3964 dae
683 3908 760 3961 esse
783 3873 1013 3984 cognoveram
1035 3887 1181 3981 denique
1203 3909 1303 3963 nemo
1325 3883 1382 3959 vel
1407 3887 1513 3975 civis,
1539 3889 1595 3962 vel
1618 3890 1813 3985 peregrinus
1827 3881 1937 3960 offerr-

597 4029 659 4083 etts
684 4007 825 4084 fortuna
848 4010 892 4082 acl
914 4031 992 4082 eum
1016 4008 1196 4082 accedebat
1220 4005 1287 4095 (ic
1310 4003 1462 4082 facillimi
1484 4007 1619 4102 quidem
1644 4026 1741 4081 erant
1767 4010 1937 4100 adipsum

599 4128 715 4204 aditus
731 4131 752 4223 )
770 4127 855 4218 cni,
877 4130 999 4225 quibus
1016 4149 1151 4221 poterat
1181 4127 1306 4218 rebus,
1332 4149 1403 4203 non
1427 4126 1674 4220 opitularetur.
1708 4130 1762 4204 Ad
1787 4127 1937 4224 alendas,

597 4255 634 4325 bt
655 4251 693 4324 in
715 4250 806 4324 bona
829 4269 943 4326 mente
966 4251 1215 4324 confirmandas
1240 4251 1505 4346 seminas,quae
1529 4270 1662 4342 turpem
1678 4271 1858 4345 quaestum
1877 4253 1939 4324 de·

603 4391 806 4458 serueraot,
829 4371 940 4444 media
963 4372 1001 4444 in
1023 4373 1111 4445 urbe
1129 4373 1375 4446 monasterium
1399 4371 1556 4448 fundavit
1567 4397 1583 4462 ;
1619 4371 1769 4447 subsidia
1803 4374 1938 4464 paravit
2001 4427 2002 4431 ,

581 4489 805 4604 'nosocomiis
829 4491 862 4585 it
885 4489 1213 4585 orphanotrophiisr
1238 4508 1474 4592 paupertatem
1496 4491 1626 4574 levavit
1651 4513 1823 4571 sacrarum
1859 4493 1941 4568 rir-
