4372 5842
661 672 758 748 234·
1059 655 1580 752 LEQN-ISX..

612 775 693 847 stini
717 829 727 861 ,
751 801 839 869 quae
872 796 968 850 etant
993 777 1036 854 ad
1059 776 1255 876 Finaliuu,
1282 776 1419 849 fortiter
1445 774 1530 846 adeo
1556 796 1624 844 rem
1651 785 1856 863 gesserunt,
1880 786 1942 848 ιιι.

613 897 727 969 multis
752 897 875 970 occisis
885 897 1096 1007 militibus,
1122 918 1254 972 ceteros
1281 897 1399 992 fugam
1420 921 1538 986 capere
1565 894 1759 984 coegerint.
1785 889 1944 980 Alphos·

614 1041 672 1088 sus
697 1023 791 1110 ipse
816 1021 890 1135 qui
898 1019 1063 1126 Bondeni
1077 1041 1176 1104 etat,
1196 1020 1322 1114 timore
1338 1021 1553 1110 perterritus
1572 1015 1757 1088 Ferrariam
1783 1012 1941 1103 aufugit,

615 1163 839 1235 magnumque
865 1169 945 1214 sane
960 1145 994 1214 in
993 1136 1215 1244 discrimen
1211 1167 1273 1230 res
1291 1140 1380 1214 illius
1401 1141 1566 1212 adductae
1597 1137 1771 1210 fulssont
1775 1133 1854 1206 nisi
1881 1132 1949 1206 aui·

617 1261 721 1330 mosis
746 1249 859 1334 Puccii
885 1241 1059 1374 consiliis
1057 1265 1247 1354 restitisset
1265 1261 1462 1341 Vitellius.
1501 1262 1625 1336 Mirum
1652 1253 1805 1346 maredo
1846 1253 1968 1326 videti

568 1373 573 1382 ’
616 1387 716 1456 debet
740 1409 894 1460 sacratos
918 1388 1103 1476 homines,
1129 1405 1167 1456 ut
1192 1407 1378 1476 paucorum
1404 1381 1579 1460 ambitioni
1601 1381 1793 1462 seruirent,
1820 1399 1858 1447 se
1871 1373 1967 1448 hot-

616 1507 718 1578 stium
744 1511 910 1600 sanguiue
934 1508 1181 1578 contaminasse
1209 1531 1219 1585 ι
1254 1509 1287 1574 dt
1324 1525 1461 1573 cernere
1494 1519 1570 1572 erat
1596 1500 1706 1570 medio
1739 1487 1966 1573 in'errercitrt¹

620 1626 784 1716 praeferri
810 1647 986 1720 argenteas
1015 1649 1128 1708 cruces
1148 1677 1159 1714 ,
1182 1624 1327 1714 insignia
1352 1626 1555 1724 legatorum
1590 1620 1793 1693 Sedunensis
1819 1622 1852 1688 aa
1876 1622 1944 1690 Me-

622 1747 709 1825 dicei
733 1799 743 1832 ‚
766 1751 853 1819 inter
879 1773 996 1845 arma,
1023 1753 1055 1818 dc
1082 1745 1298 1837 cetera.belli
1326 1745 1572 1822 instrumenta,
1599 1755 1698 1832 atque
1717 1741 1809 1812 inter
1836 1741 1969 1834 impu-¹

623 1869 773 1938 tissimos
800 1869 952 1964 homines
977 1919 985 1946 ‚
1010 1866 1246 1964 blasphemps,
1271 1871 1309 1936 δι
1330 1865 1498 1953 praedae,
1520 1863 1665 1934 ¹minime
1686 1881 1803 1932 'autem
1829 1853 1972 1954 gloriae*

621 1987 867 2061 avidissimos
894 1987 1128 2094 Heluetiorum
1156 1987 1307 2075 adventu
1332 1983 1422 2054 Galli
1448 1983 1544 2060 totis
1558 1981 1719 2055 vitibus
1709 1983 1747 2052 rn'
1772 1982 1839 2051 id
1831 2002 1955 2054 mcum
1966 1994 1971 2026 ¹
2021 1999 2029 2010 ·

542 2145 546 2157 ι
621 2109 768 2218 bendum
793 2126 990 2198 putarunt,
1016 2125 1056 2176 ιιι
1080 2108 1198 2178 hostes
1225 2103 1377 2180 Abduaru
1404 2127 1550 2196 amnem
1560 2105 1704 2174 transite
1736 2105 1954 2193 prohiberen-

622 2211 708 2318 tur,
734 2252 842 2320 eaque
868 2247 1004 2338 propter
1029 2227 1131 2320 longo
1151 2228 1265 2314 tradlu
1289 2223 1380 2298 illius
1405 2229 1493 2316 ripas
1518 2226 1746 2298 munierunt.
1766 2225 1944 2296 Pontem'
1921 2249 1947 2296 ιι

623 2349 735 2421 facere
759 2349 1022 2422 deliberarunt
1014 2368 1100 2420 mter
1126 2336 1298 2440 Ripaltam
1324 2352 1357 2418 dt
1383 2349 1618 2426 cassanum.
1637 2342 1729 2436 quod
1759 2369 1838 2418 cunr
1872 2347 1952 2418 diffi-

624 2469 734 2542 culter
758 2469 832 2542 fieri
851 2451 952 2562 posse
977 2485 1131 2560 putasset
1156 2467 1201 2540 ob
1225 2467 1404 2558 oppositas
1430 2467 1635 2548 munitiones
1652 2467 1794 2569 Prosper
1815 2467 1956 2540 Colum·

620 2614 696 2688 up,
722 2576 860 2666 silentio
886 2589 994 2662 nodlis
1011 2643 1026 2694 ¹,
1054 2609 1157 2684 atque
1183 2587 1297 2660 inscio
1322 2588 1476 2660 Pescario
1502 2639 1511 2669 ,
1549 2590 1680 2662 nechic
1706 2589 1833 2689 gloriae
1858 2592 1961 2682 parti·

626 2734 707 2804 ceps
731 2731 822 2784 esset
842 2765 852 2799 ‚
876 2709 983 2786 binas.
1000 2695 1160 2782 oneravit
1183 2731 1276 2800 rates
1302 2707 1429 2782 italicis
1454 2709 1650 2793 militibus,
1672 2711 1805 2807 hosque
1829 2709 1974 2787 flumen*

622 2834 768 2906 transire
789 2831 888 2926 jussit
913 2833 948 2905 in
973 2832 1139 2922 superiori
1166 2832 1306 2906 Abduae
1331 2831 1454 2905 loco.
1497 2835 1571 2908 uos
1593 2833 1730 2904 nemine
1756 2823 1975 2924 impediente

624 2952 786 3046 petatio,
811 2955 973 3044 Vaprium
1001 2953 1222 3050 oppidorum
1248 2953 1444 3026 adversa
1419 2976 1492 3044 npa
1516 2955 1699 3045 positum,
1713 2953 1862 3048 delebis
1879 2954 1962 3026 Gal·
1973 2945 1978 3008 ἶ

625 3074 737 3149 borum
760 3060 972 3168 praesidiis,
997 3091 1243 3164 occuparunt.
1285 3077 1373 3146 Tum
1400 3076 1443 3146 ad
1467 3097 1542 3148 earu
1562 3093 1691 3165 partem
1716 3076 1873 3166 pervenit
1897 3081 1962 3150 Co·

544 3247 555 3269 .
625 3194 744 3270 lurnna
762 3221 831 3270 una
856 3221 930 3270 cunr
954 3196 1037 3270 lulio
1063 3195 1239 3268 Cardinali
1249 3195 1524 3289 ‚incredibilique
1540 3195 1734 3282 celeritate,
1746 3197 1863 3270 iisdem
1884 3219 1980 3270 usus·

587 3404 589 3410 ¹
624 3318 786 3394 lintribus
810 3373 821 3408 ,
850 3318 994 3411 aliisque
1018 3319 1140 3400 binis,
1164 3323 1255 3410 quos
1269 3339 1391 3397 ,secum
1417 3317 1622 3406 adduxerat,
1649 3317 1788 3394 militum
1805 3317 1965 3394 'subsidia

630 3436 713 3534 ipsis
738 3439 845 3512 misit.
847 3440 1039 3530 Praecepit
1063 3462 1146 3512 vero
1171 3437 1334 3520 ducibus
1350 3461 1393 3511 ne
1410 3439 1584 3514 differrent
1610 3461 1747 3533 pontem
1773 3437 1966 3523 facere,
1937 3461 1968 3511 st

631 3555 762 3652 objedla
786 3559 1077 3663 propugnacula
1101 3579 1140 3630 ut
1164 3559 1235 3630 suis
1263 3559 1429 3630 anxilio
1419 3555 1980 3647 neuo‚hosre'sdeseru1ssem·

512 3695 518 3700 ·
632 3678 749 3796 Virtus
773 3681 894 3786 enituit
926 3682 1058 3772 egregia
1078 3681 1217 3754 loannis
1243 3682 1401 3753 Medicei
1410 3682 1462 3766 (
1453 3705 1493 3750 rs
1505 3690 1614 3771 patet
1632 3675 1710 3750 fult
1723 3673 1838 3749 Cosmi
1863 3661 1964 3772 liujus

632 3800 824 3874 ιιιιιιίιιῐιΙ·Ι
848 3803 868 3893 )
892 3801 953 3893 qui
976 3801 1124 3873 Tutcico
1141 3801 1257 3874 vedius
1276 3825 1365 3896 equo
1380 3825 1512 3875 amnem
1528 3801 1700 3874 natando
1712 3787 1867 3894 trajecit
1883 3821 1971 3892 quae

632 3941 689 3992 ses
712 3941 868 4012 magnum
894 3939 1058 3993 terrorem
1077 3920 1266 4008 hostibus,
1274 3922 1415 3994 nostris
1441 3925 1554 3994 anteri
1582 3923 1729 3997 animum
1753 3925 1798 3990 dt
1812 3918 1972 3990 fiduciam

603 4125 607 4130 ,
636 4039 752 4116 attulit
777 4040 995 4144 (¹4⁶·),bli²=
1007 4039 1105 4133 plura
1131 4043 1264 4117 fortiter
1284 4041 1314 4116 is
1333 4045 1400 4114 hoc
1417 4043 1453 4114 in
1465 4041 1555 4116 bello
1580 4041 1685 4135 gessit
1705 4037 1974 4138 (fuit-enimvel

638 4160 676 4232 in
694 4179 814 4234 tenera
835 4145 946 4235 aetate
973 4161 1161 4264 incredibili
1186 4162 1290 4234 animi
1315 4165 1438 4236 robore
1462 4163 1662 4252 &saddacia
1676 4169 1701 4254 ·)
1724 4165 1969 4254 nec'impetu'ru

636 4275 728 4353 illius
748 4299 1007 4372 ceterorumque
1032 4282 1214 4355 sustinere
1207 4282 1333 4374 valuit
1357 4283 1531 4364 Lescrttus
1536 4337 1547 4371 ‚
1561 4285 1663 4378 ‹p'u'em
1684 4274 1887 4366 Lotrech'rus
1904 4265 1972 4353 fra·

637 4416 704 4470 ter.
718 4423 797 4477 cum
817 4423 908 4486 cccc
934 4400 1094 4476 militibus
1110 4403 1259 4516 miserat
1276 4406 1319 4478 ad
1344 4405 1578 4484 advenientes
1587 4403 1830 4480 invadendos.
1858 4403 1975 4474 Admi-

640 4513 722 4592 tati
717 4510 848 4640 omnes
873 4541 976 4616 sunt,
990 4525 1111 4626 quod
1101 4507 1303 4621 tmperaret,
1321 4539 1445 4610 corrue
1458 4518 1757 4625 ptudertmparta
1764 4505 1980 4610 adseruato
