4386 5838
666 715 696 780 V
792 719 831 786 1·
906 717 936 786 T
1034 717 1062 786 A
1101 775 1107 788 .
1473 714 1536 804 163

193 836 199 846 '
248 834 437 908 brendinus
463 860 568 930 eques
582 832 691 928 (aa).
717 841 776 912 His
801 836 1087 930 exquisitissimae
1102 859 1165 925 epu
1180 835 1231 905 lae
1249 835 1474 926 parabantur,
1499 837 1584 904 &ut
1654 851 1676 878 ··

248 957 295 1028 ait
312 955 444 1044 loviis,
470 959 565 1052 coqui
581 959 668 1029 inter
689 956 756 1027 alia
766 975 923 1052 portenta
938 957 1135 1028 insanientis
1152 977 1263 1028 eorum
1287 953 1388 1051 gulae
1412 951 1582 1024 lucanicas

244 1075 389 1148 conchis
409 1097 580 1170 pavonum
599 1077 718 1172 pulpis
745 1077 873 1170 sarcias
912 1065 1083 1148 commenta
1118 1075 1283 1178 ficerant,
1324 1074 1412 1169 quod
1449 1071 1579 1144 obsonii

240 1212 350 1291 gertus
375 1217 448 1269 mos
473 1218 643 1268 successor
666 1197 889 1280 Hadrianus,
915 1199 970 1268 vir
999 1195 1155 1267 Batavae
1173 1193 1382 1288 fmgolitotis
1407 1192 1584 1264 mirabun*

242 1315 308 1386 alus
330 1319 491 1410 erpamt,
517 1339 589 1386 aum
615 1319 839 1411 sumptuarias
864 1319 1011 1388 rationes
1037 1316 1162 1390 leonis
1187 1319 1381 1412 inspiceret.
1419 1314 1471 1384 Ad
1511 1315 1573 1382 hos

243 1433 426 1510 eludendos
463 1437 630 1509 interdum
665 1439 766 1508 etiam
807 1437 1054 1508 concinnabant
1095 1435 1225 1523 dapes,
1268 1449 1367 1527 quae·
1389 1433 1580 1504 delicatum

241 1555 352 1626 cibum
375 1555 598 1642 simulabant,
624 1555 800 1648 edoilique
828 1557 869 1628 ad
895 1579 1029 1626 omnem
1057 1555 1294 1628 contumeliam
1318 1552 1577 1643 perferendam,

240 1677 275 1745 δι
298 1673 341 1744 ad
364 1675 517 1766 jacienda
542 1677 772 1768 mittendaque
798 1675 958 1758 ridicula,
983 1676 1170 1745 cachinnos
1196 1675 1404 1746 irridentium
1425 1695 1575 1743 commo·

240 1793 391 1865 vehant.
416 1793 540 1864 Poetae
565 1795 672 1889 etiam
691 1793 925 1866 exhilarabant
951 1795 1116 1868 convivia
1138 1793 1338 1876 Pontificis,
1374 1795 1433 1886 qui
1474 1795 1503 1862 si
1528 1811 1599 1860 ex‘
1665 1845 1671 1854 .

242 1936 358 1984 eorum
379 1937 521 1984 nttmero
545 1913 720 1997 fuissent,
744 1916 801 2005 qui
826 1914 997 2005 quondam
1022 1915 1056 1983 in
1081 1911 1188 2003 epulis
1229 1915 1273 1985 ad
1307 1915 1477 1986 tibicinem
1512 1937 1571 1984 ca-

230 2055 319 2106 mere
344 2031 496 2104 solebant
520 2033 689 2104 clarorum
725 2033 877 2102 virorum
903 2035 1075 2120 virtutes,
1105 2037 1205 2128 ,justa
1240 2035 1268 2104 is
1310 2034 1582 2120 reprehensione,

239 2153 402 2222 caruisset
427 2147 540 2240 (83).
566 2153 616 2218 Ex
642 2151 694 2219 his
730 2171 1011 2222 commemoratur
1050 2153 1192 2222 maxime
1217 2153 1376 2224 Camillus
1408 2127 1568 2246 Quernus

238 2269 446 2358 Archipoeta
471 2268 758 2360 cognominatus,
780 2269 837 2362 qui
864 2291 940 2340 cum
966 2291 1083 2360 poetas
1118 2274 1223 2344 Leoni
1248 2274 1282 2344 in
1322 2274 1452 2358 honore
1492 2296 1566 2342 esse

235 2389 432 2473 didicisset,
457 2385 633 2476 Monopoli
659 2386 741 2458 urbe¹
766 2388 913 2475 Apuliae
939 2394 1045 2482 patria
1073 2395 1212 2464 Romam
1236 2395 1430 2478 contendit,
1452 2417 1567 2464 secum

237 2506 391 2578 adserens
416 2505 544 2595 lyram,
570 2505 613 2577 ad
638 2531 739 2597 quam
779 2506 1082 2606 Alexiados‘suae
1117 2537 1216 2606 supra
1251 2515 1376 2606 uiginti
1408 2535 1567 2585 versuum

235 2626 336 2697 millia
362 2628 580 2698 decantaret.
606 2629 724 2716 Neque
749 2651 825 2696 eum
851 2628 1015 2701 frustrata
1040 2652 1091 2702 est
1117 2658 1217 2722 spes.
1242 2635 1370 2706 Durius
1395 2635 1484 2706 euim
1523 2635 1566 2704 ad

233 2749 450 2833 Pontificem,
483 2747 582 2820 ualde
601 2745 780 2816 liberaliter
803 2749 971 2820 invitatus
995 2773 1047 2822 est
1072 2754 1114 2823 ad
1129 2754 1223 2834 illum
1247 2731 1441 2846 lrequenter
1466 2749 1564 2826 salu-

234 2869 373 2938 tandum
389 2863 529 2976 .'Cum,
563 2883 728 2956 coenante
755 2867 852 2956 ipso,
879 2869 1027 2942 adstaret
1051 2873 1096 2942 ad
1121 2874 1326 2966 fenestram,
1352 2876 1384 2939 ἃ
1407 2873 1566 2963 ροττείίἰε

233 2987 379 3079 ejusdem
403 2987 445 3058 de
469 3009 572 3056 manu
595 2982 839 3054 delicatissimis
865 2990 944 3059 cibis
968 2985 1188 3079 vesceretur,
1214 3015 1416 3086 potaretque
1442 2996 1482 3064 de
1507 2991 1564 3060 la·-

230 3127 318 3198 gena
342 3105 505 3196 Principis
529 3129 570 3178 ea
594 3102 686 3195 lege,
712 3125 750 3174 ut
773 3129 890 3178 versus
916 3107 1100 3202 funderet,
1124 3114 1232 3205 deque
1254 3138 1290 3186 se
1331 3114 1405 3206 ipso
1427 3128 1571 3186 caneret.
1638 3132 1644 3206 j

230 3225 384 3326 aliquid,
408 3226 501 3296 hunc
527 3226 759 3296 hexametrum
778 3225 938 3318 protulit:
1041 3319 1048 3326 ·

316 3370 336 3400 l

475 3467 926 3576 archipraesulisque
945 3494 1010 3568 pro
1035 3473 1123 3548 mille
1137 3437 1279 3569 vpretist
1333 3527 1336 3534 ·

225 3697 294 3798 quo
321 3664 436 3796 uuo,
460 3686 646 3820 paullulum
670 3711 803 3786 haesit.
829 3715 1009 3816 TumLeo
1035 3713 1189 3785 addidit:
1219 3797 1224 3807 Ι

415 3931 421 3944 ·
472 3945 521 4020 aa
543 3921 610 4045 pro
634 3947 1174 4051 natantianatantia.

223 4181 402 4281 subituris
427 4183 505 4260 ille.-

416 4457 418 4462 ·
467 4383 642 4528 Porrige,
666 4433 759 4530 quod
772 4431 885 4529 saciat
904 4434 987 4510 milri
1004 4431 1150 4510 camino
1164 4431 1257 4511 aaa
1280 4383 1456 4516 Falernum
1477 4487 1490 4528 ,
1522 4507 1526 4516 .

858 4655 985 4745 ,μ
