4386 5838
628 694 630 700 ’
728 697 760 785 V
855 705 876 808 t',
969 723 1001 792 'r
1099 719 1130 790 lt
1184 695 1195 754 ’-
1441 759 1444 766 -
1526 703 1578 802 85

287 852 358 904 uon
382 829 494 907 solum
519 857 660 928 magua,
683 837 742 911 sed
766 840 870 912 etiam
895 840 1116 914 immoderata
1140 835 1345 928 cupiebant,
1365 855 1428 906 nec
1453 851 1523 906 tam
1547 855 1630 904 corr⁴

283 951 446 1025 timentem
471 955 576 1028 suisse
602 945 817 1032 arbitraberis
843 965 1016 1047 Leonem,
1042 961 1137 1055 quin,
1161 961 1240 1029 durn
1265 979 1328 1026 sua
1353 975 1412 1028 aut
1435 978 1631 1028 conserva·

283 1084 341 1151 re,
379 1095 441 1146 aut
473 1099 673 1169 recuperare
703 1083 891 1169 studebat,
920 1081 1031 1156 aliena
1065 1101 1203 1176 quoque
1243 1076 1525 1167 concupisceret.
1562 1075 1616 1147 Ad

280 1212 380 1270 Suam
405 1199 537 1290 quidem
559 1203 745 1288 potentiam
777 1201 1054 1297 dominatumque
1080 1219 1282 1275 convertere
1301 1199 1530 1272 meditabatur
1546 1200 1628 1270 Fer·

281 1315 402 1386 teriam
426 1319 569 1410 urbem,
596 1331 626 1394 er
654 1349 731 1395 cum
755 1327 976 1418 jamteneret
1001 1321 1143 1416 Regium
1169 1316 1284 1409 Lepidi
1314 1336 1437 1392 contra
1471 1319 1624 1409 promic-

280 1457 376 1520 sttm,
401 1443 494 1530 quod
520 1443 647 1515 fecerat
681 1444 869 1535 Hippolyto
901 1447 1057 1518 Atestino
1082 1439 1271 1526 Cardintli,
1296 1441 1437 1534 triginta
1471 1437 1615 1527 amplius

279 1552 423 1628 millibus
450 1563 560 1634 numis
586 1565 696 1636 aureis
729 1565 945 1638 Mutinama
984 1569 1129 1637 Caesare
1153 1561 1297 1648 coemit,
1337 1557 1625 1654 quemadmodum
1666 1623 1669 1630 ,

279 1671 383 1749 lulius
413 1683 452 1750 ΙΙ.
477 1685 626 1756 moriens
652 1683 843 1757 laciendum
883 1709 958 1758 esse
990 1705 1198 1758 monuerat.
1234 1688 1296 1757 Per
1336 1677 1452 1753 fideles
1491 1677 1618 1750 anticos

279 1791 323 1864 ad
359 1821 398 1869 se
431 1823 467 1872 se
503 1803 635 1876 animos
666 1807 840 1880 convertit
864 1805 1095 1905 Parmensium
1119 1809 1152 1876 bt
1194 1799 1497 1885 Placentinorum,
1523 1799 1586 1894 qui
1604 1821 1626 1884 ,'

273 1922 415 1990 'mortuo
434 1921 547 2018 lulio,
573 1923 609 1994 in
633 1943 834 2015 potestatem
857 1944 1025 2005 venerant
1049 1922 1357 1996 Mediolanensium
1393 1921 1526 2004 Ducis,
1559 1916 1628 1990 ui·.

275 2036 394 2134 hiique
419 2044 604 2135 nomegit,
630 2069 707 2116 eum
735 2047 778 2118 ab
804 2043 864 2117 illo
890 2047 1141 2125 descivissent,
1166 2043 1263 2114 utin
1289 2042 1344 2111 sui
1373 2045 1407 2112 bt
1443 2039 1631 2112 Ecclesiae·

276 2155 451 2232 Romanae
475 2161 547 2235 fide<
565 2164 755 2238 retineret.
778 2165 826 2239 Et
848 2167 1004 2262 quoniam
1028 2163 1234 2260 diligentiam
1268 2159 1406 2234 adhibui
1429 2155 1503 2249 (iu
1528 2149 1633 2234 'baec

96 2359 100 2366 ,
170 2321 176 2336 ,
276 2279 383 2352 uerba
408 2280 484 2355 illos
507 2285 668 2359 hortatus
693 2290 774 2379 est)
799 2301 838 2358 ur
860 2284 922 2358 sul
949 2281 1171 2380 Reipublicae
1195 2283 1368 2377 imperium
1382 2283 1555 2368 rediretis,
1570 2303 1622 2356 re·

275 2399 418 2490 deantes,
439 2425 530 2478 nunc
554 2431 616 2478 aas
636 2426 780 2504 paterno
804 2429 914 2480 aurore
937 2406 1165 2502 charitateque
1190 2400 1510 2500 amplectamurque
1533 2399 1626 2475 reci-

273 2520 353 2614 pio,
379 2523 618 2624 dalimrquea
644 2551 694 2600 rue
708 2551 832 2630 opera,
856 2545 896 2600 ut
919 2550 980 2599 uos
1002 2527 1145 2623 perinde
1163 2525 1314 2613 maciem,
1340 2542 1509 2620 tarneque
1528 2540 1622 2596 meae

274 2629 468 2740 diligentiae
492 2647 528 2718 irr
554 2648 649 2722 volis
675 2651 936 2746 recuperandis,
960 2671 1067 2745 neque
1090 2671 1154 2722 uos
1167 2649 1271 2721 vestri
1305 2649 1342 2720 in
1368 2643 1624 2740 Rempublicanc

276 2761 389 2844 stadii,
404 2763 702 2865 observantiaeque
721 2773 914 2865 poeniteat.
939 2769 1157 2863 Cotiguolam
1183 2769 1306 2854 etiam,
1332 2765 1468 2859 aliaque
1492 2763 1621 2857 oppida

273 2883 311 2956 iu
336 2883 541 2958 deditionem
565 2889 720 2979 recepit,
744 2913 832 2984 quae
854 2892 936 2962 dum
961 2909 1121 2982 prospere
1145 2890 1396 2980 procedebant,
1431 2909 1539 2979 noque
1574 2907 1611 2956 se

271 3025 452 3093 passurum
475 3009 719 3096 profitebatur,
745 3031 784 3084 ut
807 3013 881 3106 jura
904 3012 997 3083 Sedis
1026 3010 1249 3104 Apostolicae
1285 3008 1521 3092 violarentur,
1546 3007 1619 3082 aba

271 3125 356 3194 satis
389 3123 587 3200 occultabat
617 3129 837 3220 cupiditatem
866 3131 1007 3224 paraudi
1041 3133 1110 3206 suis
1150 3155 1233 3224 opes
1266 3150 1368 3225 atque
1405 3125 1623 3220 potentiam-s

272 3243 345 3315 Hos
366 3247 456 3316 enim
481 3247 813 3342 impenseamabat,
841 3252 1166 3348 liberalitatemque,
1192 3279 1261 3348 qua
1286 3253 1448 3326 utebatur
1475 3247 1510 3317 in
1535 3259 1617 3330 eos,

272 3366 474 3440 effusionem
499 3369 629 3443 imitari
651 3371 855 3447 videbatur.
893 3375 1021 3448 Studiis
1045 3375 1220 3448 Pontificis
1246 3374 1473 3466 respondebat
1498 3373 1618 3458 Popu-

269 3483 297 3558 li
322 3489 468 3562 Romani
494 3515 675 3582 assensus,
700 3493 757 3570 vel
782 3497 898 3588 potius
924 3495 1104 3572 adulatio.
1132 3500 1216 3569 Nam
1240 3493 1430 3581 lulianum,
1456 3490 1515 3586 qui
1540 3511 1622 3563 ma-

270 3613 341 3701 guo
367 3633 445 3682 cum
471 3616 657 3701 comitatu,
680 3609 870 3712 magnaque
895 3643 973 3694 cum
997 3643 1120 3712 pompa
1150 3637 1298 3691 exeunte
1326 3614 1435 3706 Aprili
1476 3595 1631 3685 Romam

271 3751 414 3803 venerat
441 3729 524 3825 (rs)
547 3737 690 3811 civitate
712 3739 874 3826 donavit,
898 3739 1069 3834 ediditque
1095 3741 1132 3811 in
1154 3743 1229 3830 eius
1244 3741 1412 3812 honorem
1425 3733 1527 3808 ludos
1543 3749 1623 3804 sce·

270 3847 396 3937 nicos,
421 3852 537 3947 ligneo
559 3857 696 3933 theatro
720 3862 755 3933 iu
781 3885 860 3936 area
882 3859 1079 3955 Capitolina
1103 3860 1281 3942 extrudio,
1307 3859 1366 3932 ubi
1397 3883 1456 3949 per
1481 3854 1623 3928 biduum

271 3985 406 4042 summo
427 3996 604 4050 concursu
629 3977 724 4054 allus
749 3999 803 4054 est
835 3981 1016 4072 Plautinus
1040 3981 1190 4055 Penulus
1229 3978 1337 4069 (36),
1366 3980 1530 4068 variaque
1561 3989 1629 4038 su·

269 4084 372 4162 binde
395 4113 555 4182 poemata
578 4099 813 4192 jucundissimi
836 4093 1028 4196 argumenti
1052 4104 1235 4178 decantata
1260 4099 1385 4190 (poesi
1408 4094 1499 4166 enim
1514 4087 1548 4154 ῑε
1570 4081 1626 4154 in·

271 4207 387 4295 primis
415 4211 668 4303 delellabatur,
693 4241 771 4292 curu
795 4242 1014 4312 componeret
1047 4224 1119 4314 ipse
1154 4217 1304 4292 carmina
1338 4202 1622 4312 elegantissima)

268 4326 358 4396 adeo
382 4335 557 4426 exquisito
582 4363 694 4407 rerum
719 4341 874 4411 omnium
899 4357 1088 4433 apparatu,
1112 4337 1154 4410 ut¹
1176 4351 1341 4410 reuocata
1362 4349 1519 4405 veterum
1543 4327 1623 4395 Ro-

268 4469 448 4525 manorum
470 4455 720 4548 magnificentia
744 4457 935 4531 videretur.
960 4459 1046 4532 Tale
1069 4481 1156 4534 vero
1179 4456 1331 4530 studium
1357 4475 1435 4526 cum
1451 4473 1523 4521 uon
1541 4457 1626 4538 pos·-

276 4583 330 4640 κε
351 4585 425 4650 nott
445 4593 577 4654 warnae
600 4575 679 4653 esse
709 4577 898 4674 iucundum
921 4579 1106 4673 Pontffici,
1131 4580 1175 4660 ad
1205 4573 1461 4656 testificandum
1485 4586 1619 4662 gratum

346 4707 350 4716 '
555 4710 559 4718 ‘
916 4703 994 4772 La
