4386 5838
682 673 713 736 v
781 669 839 738 „1¹
922 673 954 744 Τ
1053 665 1082 738 Α
1477 669 1542 744 ιόι

259 786 413 860 solemne
433 785 485 858 illi
509 807 582 860 erat
607 789 775 864 celebrare
800 791 889 862 diem
920 791 1044 864 festum
1067 793 1120 862 SS.
1149 793 1339 878 Martyrum
1360 791 1522 862 'Cosmae
1559 793 1595 862 δι

258 907 439 993 Damiani,
462 931 548 1000 quos
571 888 736 998 patronos
770 913 1000 985 Mediceorum
1039 907 1185 984 familiae
1221 909 1414 982 adsciverat
1449 932 1593 1002 magnus

192 1015 195 1020 ¹
258 1025 316 1124 ille
339 1032 482 1101 Cosmus
508 1029 607 1100 Pater
632 1031 766 1101 Patriae
791 1029 1005 1122 appellatus,
1029 1031 1131 1123 idque
1155 1033 1332 1122 peragebat
1354 1027 1396 1102 iis
1424 1029 1460 1102 in
1483 1025 1592 1112 locis,

255 1147 292 1218 in
317 1149 438 1240 quibus
463 1168 538 1220 erat
563 1148 619 1220 illo
643 1149 716 1238 ipso
730 1149 794 1220 'die
832 1151 1042 1238 Septembris
1081 1151 1204 1223 mensis
1243 1149 1359 1221 iisdem
1381 1147 1596 1236 Martyribus

255 1289 381 1354 sacro,
407 1269 529 1339 solitus
553 1271 696 1342 invitare
720 1289 792 1338 tum
817 1289 994 1354 oratores,
1021 1287 1092 1340 tum
1115 1287 1233 1360 poetas
1259 1270 1302 1340 ad
1326 1266 1460 1340 illorum
1485 1267 1593 1357 majo*-

208 1423 212 1430 ·
255 1407 396 1478 rumque
421 1409 559 1457 suorum
583 1387 699 1462 laudes
726 1389 944 1460 celebrandas
976 1370 1212 1484 (qv-(Quod
1247 1389 1314 1460 hoc
1341 1407 1431 1460 auno
1463 1383 1589 1458 festum

251 1511 345 1582 hunc
370 1505 477 1598 egerit
502 1508 654 1590 Romae,
680 1509 839 1580 convivio
864 1510 998 1598 excepit
1022 1531 1138 1583 omnes
1164 1507 1240 1578 illos
1264 1503 1488 1588 cardinales.
1527 1505 1589 1602 qui

253 1625 301 1695 rei
323 1625 462 1700 divinae
486 1625 690 1706 adsuerunt,
713 1625 914 1719 sublataque
940 1651 1077 1713 mensa,
1113 1625 1262 1699 fabulam
1303 1624 1440 1698 recitari
1463 1623 1584 1716 jussit,
1672 1703 1673 1706 Ἴ

252 1769 358 1838 quae,
384 1743 682 1829 utaitGrassius,
709 1745 752 1815 ad
778 1748 880 1820 risum
906 1749 1132 1828 movendum,
1157 1747 1291 1818 minime
1315 1765 1427 1818 autem
1454 1745 1496 1823 ad
1515 1767 1587 1817 mo·

193 1958 196 1963 Ι
250 1887 303 1936 res
330 1863 551 1950 formandos,
586 1884 782 1958 mentesque
805 1866 970 1938 bonarum
995 1865 1236 1956 cogitationum
1261 1885 1361 1954 pastu
1377 1883 1587 1938 exsaturan-

250 1985 311 2062 das
337 1982 425 2056 saeta
443 2006 530 2056 esse
555 1984 754 2056 videbatur.
789 1987 889 2078 Quae
920 1981 1020 2056 fuerit
1060 1971 1208 2076 ignoro,
1244 2009 1307 2056 nec
1342 2005 1423 2054 sane
1463 1983 1587 2058 adduci

250 2125 411 2192 possum,
440 2103 552 2174 utils
591 2104 780 2186 assentiar,
818 2105 877 2195 qul
916 2106 1170 2198 Mandragolam
1206 2102 1464 2186 Machiavellii,
1496 2125 1583 2206 quae

249 2221 329 2293 licet
344 2225 475 2302 minime
490 2224 691 2296 abhorrebat
709 2223 857 2295 moribus
870 2221 959 2296 illius
986 2227 1127 2307 aetatis,
1142 2227 1235 2294 omni
1250 2224 1458 2327 turpitudine
1470 2222 1585 2304 foeda·
1688 2255 1689 2260 ¹

249 2361 284 2412 ra
308 2363 360 2412 est
379 2398 390 2424 ,
407 2344 451 2413 *in
471 2343 752 2434 ipsis¹Vaticanis
778 2345 917 2416 aedibus
940 2341 1047 2415 auam
1073 2345 1179 2417 luisse
1201 2347 1296 2438 ajunt
1319 2342 1430 2436 (78).
1456 2345 1583 2425 Eodem
1700 2431 1702 2434 .
1796 2368 1797 2371 ’

247 2462 301 2564 die
326 2459 554 2562 spediaculum
580 2462 673 2538 aliud
710 2486 792 2536 sane
830 2465 1005 2540 ridendum
1040 2463 1131 2535 dedit
1167 2465 1256 2535 leo.
1291 2466 1372 2547 Erat
1407 2463 1601 2547 Barballus'

244 2581 383 2672 quidam
407 2585 609 2675 Caietanus,¹
634 2607 763 2671 senei,
788 2585 940 2668 stultus,
966 2583 1147 2672 credulus,
1170 2585 1228 2678 qui
1256 2609 1292 2656 se
1334 2582 1475 2668 alterurn
1514 2587 1582 2661 Pe·

205 2765 207 2769 .
245 2702 414 2774 trarsham
438 2725 512 2776 esse
538 2703 573 2772 in
598 2703 782 2794 pangendis
805 2702 1018 2775 carminibus·
1040 2704 1188 2782 Etruscis
1224 2703 1455 2798 gloriabatur,
1481 2703 1579 2797 cujus

243 2819 381 2902 levitati
404 2823 579 2904 materiem
603 2822 734 2896 ridendi
757 2845 820 2894 suo
845 2845 938 2893 more
971 2845 1136 2916 quaerens
1162 2823 1302 2910 indulsit
1339 2823 1423 2896 adeo
1459 2823 1579 2906 Ponti-

241 2936 323 3025 fex,
344 2956 383 3009 ut
407 2939 437 3021 is
462 2963 536 3022 eam
560 2941 626 3022 sibi
651 2939 725 3014 dari
749 2933 910 3026 soronam
936 2941 1182 3032 postulaverit,
1207 2965 1275 3036 qua
1297 2941 1379 3029 olim
1396 2941 1578 3028 petrarcha
1664 2948 1667 2954 '

239 3059 282 3130 in¹
300 3058 471 3148 Capitolio
495 3059 678 3148 ,decoratus
703 3060 834 3147 suerat,
859 3065 910 3132 Eo
943 3063 1095 3136 insaniae
1119 3062 1282 3149 devenit,
1308 3085 1359 3144 ¹ut
1387 3063 1429 3147 ab
1466 3083 1504 3133 se
1538 3081 1579 3136 ee

239 3174 404 3263 iracunde
428 3180 611 3267 removerit
635 3202 800 3275 cognatos
824 3188 858 3256 δι
883 3183 1032 3267 anticos,
1055 3181 1115 3274 qui
1140 3182 1280 3253 Romam
1319 3199 1511 3266 venerant.
1535 3180 1576 3267 u't

239 3292 332 3368 illum
358 3323 378 3370 a
402 3300 578 3390 proposito
604 3301 831 3388 deterrerent.
855 3301 987 3374 Prodiit
1011 3285 1082 3390 ipse
1113 3303 1242 3391 optime
1276 3302 1450 3384 vestitus,
1484 3299 1576 3390 palla

240 3439 324 3488 auro
345 3423 383 3492 u
408 3442 558 3524 purpura
578 3439 742 3508 ,contexta
764 3419 923 3508 indutus,
958 3443 998 3493 ac
1022 3423 1261 3512 praeeuntibus
1287 3421 1401 3506 tibiis,
1426 3400 1574 3512 aliisque

237 3537 380 3622 musicis
405 3517 665 3630 instrumentis,
693 3542 812 3615 dudlus
848 3559 901 3614 est
940 3542 984 3630 ad
1007 3541 1139 3629 aulam,
1173 3543 1208 3613 in
1233 3565 1301 3634 qua
1325 3539 1575 3630 ponuivabatur

230 3628 575 3744 fontisexlcanere
599 3664 728 3754 jussus,
745 3659 851 3734 multa
864 3663 1073 3753 ineptissima
1088 3663 1237 3752 earmina
1259 3659 1350 3748 ¹fudit
1365 3651 1484 3754 ,quae
1501 3679 1573 3732 nou
1614 3686 1623 3694 ·

237 3777 340 3851 modo
365 3778 477 3866 risus,
502 3781 691 3870 sedetiam
715 3783 899 3872 eachinnos
940 3782 1157 3872 excitarunt.
1196 3782 1389 3870 Dimissus,
1424 3781 1460 3852 in
1492 3799 1573 3853 area

236 3897 403 3970 Vaticana
427 3899 639 4008 elephantem
663 3900 864 4003 conscendit
881 3907 966 3991 ‘sum
990 3919 1067 3994 tota
1090 3900 1148 3976 illa
1170 3923 1319 3994 pompa,
1340 3917 1379 3990 ut
1394 3901 1438 3989 ad
1454 3900 1572 3972 trium·

168 4021 171 4028 “
236 4015 340 4108 phura
364 4017 441 4090 duci
463 4020 653 4110 uideretur,
677 4025 767 4095 lnter
789 4044 976 4116 ¹tympana,
1000 4027 1033 4095 u
1056 4006 1184 4114 tubas,
1208 4026 1242 4095 s<
1258 4043 1360 4094 voces
1380 4017 1569 4090 acclaman-

235 4135 280 4207 tis
305 4135 421 4230 populi
446 4161 525 4212 cum
547 4143 757 4236 peruenisset
783 4143 827 4238 ad
850 4140 1010 4238 Hadriani
1034 4159 1198 4230 pontem,
1236 4161 1280 4230 ea
1316 4137 1439 4222 belva,
1477 4157 1569 4230 quae

238 4275 562 4341 consternatum,
586 4259 719 4332 desilire
742 4259 880 4359 euscius
918 4258 1012 4358 luit,
1032 4247 1152 4350 'atque
1182 4257 1240 4330 hic
1273 4257 1434 4349 ¹constitit
1467 4277 1569 4328 omne

232 4369 317 4448 illud
339 4376 489 4470 joculare
510 4377 805 4470 apparatissimum
825 4375 1084 4478 *speflaculum,
1106 4379 1200 4471 quod
1228 4375 1259 4448 si
1283 4374 1457 4470 indignum
1479 4398 1564 4468 gra·

130 4489 132 4494 ’
233 4490 345 4580 ¹ritate
367 4495 541 4573 Pontificis
564 4495 786 4594 judicaveris,
822 4519 893 4598 non
918 4496 1070 4600 equidem
1105 4499 1321 4598 repugnabo·¹
1358 4497 1453 4576 llaec
1473 4515 1565 4594 res,

914 4622 952 4717 a
