4372 5842
438 751 441 757 ,
670 683 701 749 V
785 681 812 748 l
906 675 942 752 Τ
1010 685 1092 752 Ἀ·
1474 685 1554 763 tt?

248 800 459 899 parsum&
491 817 623 874 acutum
650 798 881 889 Casanoaasr,
911 799 1076 896 Capellam
1107 795 1210 870 latttm
1233 812 1427 879 sonantem,
1463 793 1596 888 magni-

256 921 390 1019 loquum
420 918 616 1010 lidan&
652 925 746 1014 cujus
765 923 919 1017 proxime
945 922 991 992 ad
1013 935 1182 1013 antiquam
1204 914 1334 989 landem
1375 937 1507 989 tormen
1534 935 1598 984 ac·

252 1049 407 1116 cederet:
434 1045 629 1138 castigatum
653 1037 687 1114 6
708 1042 904 1137 prudentem
922 1039 1153 1112 Beroaldum:
1182 1037 1298 1110 uberes
1323 1051 1431 1118 putem
1455 1031 1487 1104 ἐν
1513 1055 1596 1104 suo-

256 1165 331 1235 aeis
371 1163 547 1248 Pierium,
587 1163 761 1247 Gronau,
788 1159 1073 1240 Madenloeuum,
1104 1159 1283 1241 Blosium,
1319 1177 1465 1252 quasque
1497 1177 1593 1228 com·

251 1277 374 1376 plures
397 1299 509 1352 nostra
533 1285 707 1374 perspexit
728 1299 820 1352 aetas
833 1329 845 1362 ,
865 1273 988 1374 purtim
1023 1279 1198 1369 tormine,
1233 1277 1357 1372 partim
1382 1275 1492 1345 soluta
1521 1296 1594 1344 ora·

256 1397 528 1480 tioneemmtos,
553 1399 735 1490 cujusmodi
761 1398 907 1494 Nigrum
935 1418 1083 1470 nostrum
1112 1397 1271 1470 Tulliana
1295 1398 1329 1464 in
1355 1393 1494 1465 dicendo
1516 1415 1595 1488 gra·

153 1512 158 1523 '
253 1517 388 1606 vitate,
415 1521 661 1615 Antoniumque
703 1520 923 1603 Venantiam,
948 1517 980 1590 Cr
1008 1519 1134 1596 Binum
1171 1519 1206 1590 in
1240 1534 1379 1610 utraque
1419 1505 1595 1584 enitentem
1627 1589 1631 1596 ,

256 1635 530 1733 ingressuros
553 1657 663 1712 autem
686 1641 723 1710 in
746 1639 947 1737 judicando,
975 1635 1007 1711 ὁ·
1035 1640 1194 1732 imprimis
1216 1653 1357 1718 mutor,
1396 1633 1594 1731 illaldimum

257 1752 292 1827 i·
322 1753 529 1846 Ariconium,
554 1761 609 1830 eui
633 1759 853 1855 Computistae
876 1779 1057 1852 cognomen
1080 1771 1151 1828 est.
1176 1755 1252 1846 Quo
1283 1779 1302 1827 e
1333 1776 1468 1826 numero
1498 1753 1593 1825 multi
1710 1841 1714 1850 Ι

211 1947 217 1958 ,
257 1871 296 1946 iu
318 1893 456 1974 utroque
477 1899 600 1972 genere
628 1877 758 1952 dicendi
782 1879 945 1974 egregiam
979 1875 1046 1948 sibi
1081 1875 1211 1948 laudem
1246 1897 1269 1945 a
1310 1875 1411 1946 donis
1441 1870 1593 1944 omnibns

258 1979 555 2090 comparaverunt.
584 1995 673 2068 Nom
698 1997 757 2066 illa
779 2017 972 2068 ornamenta
1010 1993 1043 2066 δ’
1082 1994 1209 2065 lumina
1235 1995 1408 2066 Romanae
1430 1991 1592 2087 linguae,

260 2115 462 2199 Phaedrus,
485 2113 519 2186 ὁ·
538 2116 697 2186 Camillus
713 2115 885 2200 Porcius,
906 2135 1028 2208 magno
1045 2115 1232 2184 conclarum
1250 2112 1450 2183 incommodo
1465 2109 1591 2203 jamdiu

261 2252 362 2335 morte
385 2254 498 2330 erepto
531 2235 625 2308 nolis
653 2253 732 2307 sunt
746 2231 763 2319 ,’
782 2238 818 2306 in
855 2234 974 2330 quibus
1005 2235 1111 2305 sedem
1148 2230 1212 2302 sibi
1240 2233 1395 2303 statuisse
1418 2230 1593 2306 uidebatur

259 2351 595 2454 eloquetttia3,Cujrts
618 2377 709 2426 nunc
734 2355 890 2426 honorem
926 2371 1025 2448 atque
1062 2375 1179 2424 nomen
1209 2373 1373 2424 consensu
1390 2351 1458 2442 jam
1490 2349 1593 2421 urla·

260 2493 378 2544 norunt
414 2453 559 2560 omniunt
600 2479 719 2548 retinet
755 2473 903 2545 Paullus
936 2473 1095 2555 Ionius,
1132 2469 1168 2543 6·
1191 2473 1226 2542 in
1248 2471 1422 2544 scribendo
1453 2471 1593 2542 lsistoria

258 2593 381 2688 gravis
404 2590 437 2666 a
461 2595 631 2692 elegans,
664 2595 698 2676 Cr
731 2598 767 2668 in
793 2597 883 2667 omni
909 2617 1030 2688 genere
1054 2594 1234 2666 litterarum
1256 2589 1440 2688 perpolitus
1465 2641 1473 2661 .
1500 2593 1591 2682 Quin

260 2701 456 2786 &duorum
490 2737 687 2794 summotum
722 2716 888 2788 leoninum
924 2737 973 2786 me
998 2713 1149 2786 admonet
1174 2713 1356 2787 recordatio
1378 2713 1488 2802 fuisse
1511 2733 1592 2808 quo·

263 2853 329 2930 que
351 2856 463 2906 eorum
485 2813 663 2918 conatum¹
682 2835 1017 2932 nostras-aliquanda
1039 2846 1160 2904 coenos
1181 2849 1280 2926 atque
1302 2832 1419 2927 epulas
1442 2855 1592 2904 exorno-³

260 2964 334 3035 tas,
357 2945 508 3046 quorum¹
531 2937 594 3048 est]
616 2977 704 3030 uuus
738 2945 865 3031 Petrus
890 2953 1059 3048 Bombos,
1084 2953 1179 3044 cujus
1205 2953 1240 3022 in
1265 2953 1353 3024 amni
1373 2953 1496 3024 virtute
1519 2951 1593 3022 lau-

259 3067 367 3166 deque
387 3061 594 3167 eloquentiae
618 3097 744 3148 summa
767 3073 801 3150 ὃ·
830 3075 1011 3172 sirrgnloris
1034 3075 1245 3171 semper'suit
1264 3074 1398 3170 glorio,
1426 3071 1511 3144 alter
1532 3073 1591 3168 qui

193 3265 195 3272 ,
223 3227 225 3230 -
258 3212 372 3285 nuper
398 3175 441 3262 in'
461 3193 630 3288 Hispania
650 3175 797 3296 decessit,
820 3189 960 3286 misitne
982 3218 1056 3268 oum
1091 3217 1235 3272 moerore
1258 3197 1432 3280 ommium,
1467 3192 1590 3290 quibus

257 3307 525 3410 sacraturus,
551 3313 614 3384 ltoe
652 3331 703 3422 est
729 3310 837 3416 plqne
859 3317 1003 3388 omnium
1030 3316 1213 3411 Bqltltasur
1236 3313 1491 3398 Bastillioneus,
1518 3335 1591 3386 mu-

256 3451 349 3526 gnus
376 3433 432 3503 vir
454 3433 491 3502 in
503 3435 650 3526 primis,
688 3417 750 3508 nie
777 3435 880 3512 solunt
906 3435 1075 3515 nobilitate
1100 3433 1131 3508 Cr
1152 3458 1302 3532 genere,
1334 3433 1395 3507 sed
1417 3435 1590 3529 maguitu-
1693 3425 1697 3433 ’

261 3549 341 3648 dine
370 3552 467 3650 etiam
488 3553 615 3640 animi,
639 3549 671 3628 ὁ
697 3559 787 3636 omni
824 3559 945 3630 esimist
968 3557 1091 3628 uirtute
1111 3573 1314 3650 praestans,
1336 3555 1480 3650 quique,
1504 3551 1592 3650 quod

259 3668 396 3744 militari
420 3673 494 3765 niro
518 3665 590 3749 'enat
619 3674 877 3763 admirandum,
900 3680 1025 3749 omneis
1059 3679 1193 3754 omnino
1214 3693 1303 3750 artes
1337 3673 1440 3746 libero
1462 3673 1594 3756 lsomirte
1629 3713 1631 3718 ·

259 3789 405 3890 dgnus,
429 3799 463 3866 δι
480 3785 598 3866 ¹omnin
618 3795 782 3870 doilrinae
799 3821 924 3894 genera
947 3797 1263 3891 comprehenderat:
1286 3817 1382 3893 qaem
1405 3817 1466 3888 ego
1484 3789 1615 3866 resor-¹
1691 3834 1696 3840 -

257 3907 322 3981 dor
356 3933 458 4007 saepe
491 3931 590 4010 atque
624 3916 730 3991 hilare
753 3922 876 3991 nostris
901 3918 1047 3990 coetibus
1082 3917 1296 4006 interfuisse,
1335 3906 1591 4008 criptum&
1693 3965 1696 3971 .

259 4004 345 4128 eum,
370 4033 428 4128 qui
448 4033 553 4127 paulo
576 4053 655 4110 ante
677 4051 728 4112 est
749 4059 918 4118 mortuus,
942 4059 1068 4112 summo
1092 4033 1202 4110 indole
1227 4036 1354 4132 ingenii
1377 4033 1410 4108 6·
1434 4057 1496 4129 spe
1519 4054 1592 4104 ntu-

193 4233 194 4236 ,
226 4243 229 4249 λ
257 4171 370 4224 simae
393 4153 551 4238 airtsrtis,
577 4154 738 4244 Ioannem
763 4159 980 4232 franciscum
1005 4157 1170 4228 Furnium
1194 4158 1300 4228 ciuem
1325 4177 1453 4226 meum.
1479 4153 1591 4226 Nam-

259 4289 325 4364 que
349 4269 434 4354 ltos,
458 4273 517 4369 qui
541 4278 635 4346 modo
651 4294 783 4352 secutur
802 4298 989 4370 supremum
1011 4278 1049 4346 in
1065 4271 1179 4346 Gallio
1192 4273 1275 4344 abiit
1288 4274 1397 4356 diem,
1419 4277 1497 4370 pari
1515 4293 1593 4348 eunt
1699 4300 1702 4306 ·

259 4387 330 4490 illis
352 4389 530 4464 musteo
564 4393 735 4470 nobilitate
755 4413 964 4493 praestans,
998 4396 1149 4468 Andreas
1183 4394 1423 4491 Naoagerius,
1457 4391 1590 4464 tameni

126 4589 130 4594 .
165 4521 197 4596 f
258 4504 387 4588 nosris
405 4507 552 4589 coetibus
576 4517 687 4594 minus
710 4537 812 4614 saepe
836 4515 1056 4610 iuteqiterat,
1073 4535 1215 4616 propter
1234 4512 1446 4592 excellentem
1476 4528 1587 4590 sumen

950 4613 978 4687 Z
