4372 5842
623 695 691 772 174
976 681 1507 758 ·-tton1sx.

559 797 717 873 c'loritate
756 799 935 874 damnatae
974 805 1039 899 jam
1079 807 1212 879 fuerant
1242 859 1250 876 .
1276 811 1368 877 Haec
1394 809 1461 875 Leo
1485 799 1647 885 efferens,
1688 819 1894 888 narransque

557 946 659 993 omne
684 925 876 996 institutum
902 927 1188 1020 voluntatemque
1225 931 1439 996 Novatorum
1452 977 1462 1007 ,
1475 922 1575 994 ‘nihil
1601 923 1727 1016 majus,
1744 918 1827 988 nibil
1844 917 1890 988 si·

552 1041 586 1110 bi
612 1045 740 1133 gratius
766 1043 839 1116 sore
867 1049 1118 1137 praedicabat,
1155 1073 1255 1140 quarn
1289 1049 1316 1117 si
1344 1067 1499 1137 potentes
1534 1052 1567 1116 ὃι
1606 1041 1696 1112 rlotli
1733 1039 1888 1108 homines

553 1188 677 1235 nervos
701 1166 887 1236 industriae
912 1168 1130 1239 intenderent
1156 1170 1198 1238 ad
1213 1189 1341 1237 tantam
1368 1188 1494 1257 pestem
1516 1167 1556 1235 ab
1575 1161 1756 1250 Republica
1780 1181 1889 1228 aver·

552 1271 687 1354 tendam
718 1336 727 1355 .
752 1289 879 1356 Extant
902 1287 1030 1358 harum*
1048 1312 1157 1360 rerum
1183 1307 1397 1358 monumenta
1423 1288 1456 1355 in
1481 1286 1520 1356 iis
1546 1283 1690 1363 litteris,
1715 1302 1799 1372 quas
1826 1281 1890 1348 Sa·

548 1403 878 1501 doletus·Pontilicis
905 1409 1042 1480 nomine
1066 1409 1240 1498 scripsit,
1281 1430 1435 1498 quaeque
1473 1409 1599 1476 Romae
1637 1427 1657 1474 a
1692 1397 1887 1474 Paleatiniis

550 1523 724 1595 Fratribus
739 1550 793 1596 an.
811 1543 1002 1598 ntnccuv.
1020 1530 1161 1620 primum
1177 1525 1335 1619 vulgatae
1357 1526 1515 1596 fuerunt.
1541 1525 1617 1594 Non
1637 1542 1794 1593 oratores
1821 1544 1891 1589 mo·

547 1645 630 1729 do,
657 1647 715 1717 sed
742 1623 854 1718 &ivel
879 1649 970 1736 ipsos
997 1667 1115 1737 poetas
1147 1649 1190 1718 ad
1223 1671 1377 1718 caussam
1416 1645 1592 1738 religionis
1634 1642 1884 1732 suscipiendam

544 1765 815 1837 inflammabat.
841 1771 959 1859 Itaque
985 1793 1059 1838 cum
1085 1768 1248 1838 audiisset
1273 1767 1429 1839 Jacobnm
1449 1765 1685 1836 Sannazatium
1704 1765 1814 1832 lotum
1835 1785 1886 1832 es·

546 1905 581 1952 se
610 1884 644 1954 in
669 1885 890 1976 perpoliendo
918 1909 1071 1977 poemate
1098 1887 1139 1958 de
1163 1889 1267 1959 Partu
1290 1887 1459 1977 Virginis,
1484 1883 1614 1956 litteras
1642 1883 1786 1953 adeum
1816 1883 1882 1954 de·

544 2002 593 2073 dit
620 2026 701 2075 sane
726 2007 1093 2079 honorificentissimas
1117 2055 1130 2086 ,
1155 2007 1275 2100 quibus
1302 2005 1365 2095 ipsi
1388 2003 1544 2076 eximiam
1569 2005 1604 2074 in
1629 2004 1739 2074 Deum
1766 2001 1886 2090 pieta-

542 2144 640 2208 tem,
666 2125 802 2217 vintque
827 2126 954 2219 ingenii
979 2128 1184 2220 singularem
1209 2125 1470 2218 gratulabatur,
1491 2123 1712 2212 eumdemque
1734 2119 1776 2188 ad
1795 2141 1882 2208 opus

542 2230 750 2334 vulgandum
774 2247 1020 2319 exhortabatur
1050 2300 1060 2333 ,
1085 2245 1169 2317 illud
1196 2247 1352 2333 addens,
1379 2244 1560 2337 plurimum
1587 2243 1752 2312 interesse
1770 2239 1878 2309 Chri-

541 2363 673 2434 stianae
699 2365 915 2454 Reipublicae
945 2419 956 2453 ,
981 2389 1020 2439 ut
1041 2369 1097 2457 pia
1122 2365 1315 2461 hujusmodi
1342 2383 1442 2458 atque
1467 2362 1637 2454 elegantia
1659 2361 1789 2448 scripta
1813 2361 1882 2430 iut-

540 2483 677 2570 piorum
702 2485 924 2578 quorumdam
949 2487 1085 2577 scriptis
1116 2505 1405 2578 opponerentur,
1443 2485 1499 2576 qui
1525 2481 1723 2573 religionem
1750 2491 1771 2551 'a
1806 2504 1882 2551 ma·

536 2601 664 2694 joribus
690 2607 848 2679 traditam
874 2600 1112 2680 infelicissimis
1137 2605 1203 2678 illis
1231 2605 1436 2696 temporibus
1456 2601 1657 2674 labefactare
1690 2653 1701 2684 ,
1727 2624 1767 2672 ac
1794 2598 1879 2670 fun-

537 2723 629 2793 ditus
656 2723 769 2796 delete
792 2725 1067 2798 adlaborabant.
1101 2727 1213 2798 Nihilo
1239 2747 1350 2797 tamen
1376 2725 1485 2796 minus
1506 2723 1730 2796 Sannazarius
1757 2741 1878 2810 poema

535 2842 626 2930 apud
646 2866 682 2914 se
708 2846 912 2932 continuit,
938 2847 1019 2918 dum
1044 2848 1112 2918 Leo
1139 2871 1157 2918 e
1182 2849 1257 2919 vita
1280 2845 1441 2938 migraret
1467 2891 1481 2926 ,
1505 2843 1599 2936 qnod
1626 2843 1738 2914 minus
1766 2841 1875 2913 amico

533 2959 571 3030 in
606 2961 700 3034 illum
730 2985 803 3036 erat
845 2968 958 3038 animo
993 2991 1115 3038 caussa
1149 2965 1359 3038 Cassandrae
1396 2963 1606 3034 Marthesiae
1630 3016 1640 3047 ,
1668 2961 1807 3054 ingenio
1835 2982 1875 3032 ac

532 3078 643 3154 forma
672 3085 908 3175 praecellentis
934 3085 1066 3177 puellae
1090 3111 1110 3158 e
1135 3087 1300 3158 comitatu
1332 3083 1496 3156 nobilium
1531 3083 1706 3154 mulierum
1740 3134 1751 3168 ,
1788 3103 1877 3174 quae

535 3200 660 3273 circum
685 3205 986 3294 Neapolitanorum
1022 3209 1188 3299 Reginam
1216 3223 1321 3277 ¹erant
1355 3257 1365 3290 ,
1405 3229 1505 3298 quam
1540 3205 1745 3294 deperibat.
1783 3203 1872 3274 Nam

532 3341 607 3390 cum
643 3320 836 3412 Alphonsus
859 3327 1031 3396 Casttiota
1062 3323 1154 3396 illam
1177 3349 1214 3395 se
1242 3325 1275 3394 in
1297 3325 1551 3399 matrimonium
1576 3321 1753 3397 dudluram
1787 3343 1873 3411 pro·

529 3439 707 3526 misisset,
732 3441 907 3536 ipsumque
933 3461 1053 3534 postea
1076 3446 1176 3515 datae
1198 3443 1273 3514 fidei
1299 3442 1555 3532 poenituisset,
1594 3442 1682 3514 nihil
1706 3466 1776 3514 non
1801 3441 1870 3532 egit

531 3559 751 3630 Sannazarius
774 3611 785 3644 ,
808 3565 904 3634 Petri*
922 3565 1034 3634 Bembi
1058 3587 1164 3654 opera
1188 3565 1387 3653 praesertim
1409 3587 1522 3650 usus,
1548 3584 1586 3634 ιιι
1611 3561 1771 3634 Pontifex
1796 3585 1871 3631 ma-

532 3680 728 3750 trimonium
754 3699 867 3751 ratum
890 3682 1055 3766 baberet,
1096 3707 1205 3776 neque
1238 3685 1452 3774 Alphonsum
1476 3685 1669 3778 juramento
1695 3684 1868 3770 solveret,

537 3796 733 3888 quodcum
757 3799 893 3870 minime
919 3801 1167 3889 impetrasset,
1201 3803 1293 3875 haud
1328 3805 1541 3877 dissimulare
1576 3805 1689 3896 potuit
1728 3805 1872 3874 iracun-

530 3914 619 3986 diam
639 3939 754 3990 suam.
779 3917 858 3990 Fuit
882 3942 964 3989 sane
991 3921 1171 3992 officiosior
1196 3925 1230 3992 in
1246 3927 1391 3994 Leonem
1418 3925 1646 4011 Hieronymus
1675 3923 1761 3992 Vida
1800 3925 1869 3992 Ve-

528 4024 711 4107 ronensis.
737 4037 843 4130 liujus
869 4063 1018 4130 poema,
1044 4027 1138 4132 quod
1163 4041 1324 4112 Scaccltia
1352 4044 1572 4128 inscribitur,
1590 4065 1666 4113 cum
1688 4040 1733 4111 ad
1759 4038 1867 4125 illius,

529 4155 591 4248 qui
622 4155 780 4230 hoeludi
809 4151 932 4251 genere
958 4159 1138 4251 plurimum
1160 4159 1411 4246 obleclabatur,
1441 4165 1474 4233 ὃ(
1501 4163 1536 4232 in
1562 4186 1631 4256 quo
1657 4159 1863 4245 excellebat,

528 4295 648 4348 manus
673 4280 911 4367 pervenisset,
950 4285 981 4349 ἀ
1015 4285 1106 4354 omni
1140 4307 1183 4353 ex
1203 4299 1316 4390 'parte
1339 4281 1592 4372 contemplatus
1615 4303 1737 4368 esset,
1775 4283 1864 4354 hanc

529 4419 650 4472 vocem
685 4421 762 4466 cum
788 4399 1010 4471 admiratione
1035 4401 1140 4472 edidit
1168 4428 1179 4472 :
1201 4423 1306 4494 porro
1332 4425 1384 4473 res
1407 4403 1489 4474 adeo
1517 4425 1607 4473 nouo
1630 4455 1641 4490 ,
1666 4399 1868 4493 &explica-

530 4531 568 4592 tu
584 4510 783 4610 difficillima
807 4535 902 4593 tanta
925 4521 1107 4593 carminum
1121 4521 1299 4614 majestate
1323 4539 1421 4620 atque
1443 4521 1610 4620 elegantia
1633 4521 1756 4616 exponi
1770 4516 1865 4592 baud
