4372 5842
727 697 758 765 V
852 697 867 763 1
964 697 994 768 T
1092 695 1145 766 Α,
1210 725 1217 738 ·
1499 686 1565 784 165

196 885 199 897 ,
291 801 437 884 bonitati
459 837 560 900 suae,
587 818 619 887 &
645 816 931 906 Mandulphianae
954 817 1040 887 arcis
1063 808 1270 905 praefectura
1293 810 1509 885 honestavit.
1532 815 1614 905 Quo
1668 861 1670 866 -

288 931 469 1004 decoratus
489 957 648 1016 munere,
672 935 790 1026 puduit
814 935 907 1006 ilium
927 936 1076 1006 sortasse
1101 938 1196 1009 risns»
1210 939 1245 1007 δι
1269 935 1368 1028 jocus
1392 949 1491 1007 antea
1530 934 1617 1007 ada·

285 1071 419 1162 masse,
444 1055 681 1147 poeticumque
707 1056 874 1147 ingenium
901 1079 999 1126 suurn
1023 1055 1064 1128 ad
1088 1059 1292 1128 Porsennam
1314 1054 1455 1130 heroico
1469 1053 1617 1126 carmine

289 1173 525 1247 celebrandum
542 1175 741 1248 transtulit.
759 1179 842 1269 Quo
862 1178 897 1248 in
919 1199 1021 1266 opere
1045 1178 1124 1248 dum
1148 1197 1246 1250 totus
1268 1194 1368 1262 erat,
1391 1197 1469 1246 cunr
1493 1173 1618 1260 flumen
1725 1271 1731 1280 ·

287 1293 382 1365 mula
405 1292 521 1366 venus
546 1297 730 1377 transiret,
766 1297 862 1390 aquis
901 1297 1093 1369 submersus
1123 1299 1242 1370 misere
1280 1296 1427 1368 interiit.
1461 1293 1620 1366 Tradunt

290 1410 347 1508 alii
373 1413 551 1501 invidiam,
578 1415 632 1487 vei
659 1419 770 1508 potius
807 1418 919 1488 odium
944 1415 1094 1507 populi,
1128 1417 1186 1488 cui
1221 1427 1401 1506 praeerat,
1435 1412 1620 1498 calamitati

290 1529 342 1602 ilii
358 1531 494 1606 ¹fuisse.
520 1538 656 1606 Possem
680 1543 713 1609 8(
740 1536 824 1608 alios
849 1558 1109 1609 commemorare
1133 1555 1282 1626 poetas„
1313 1547 1459 1630 quotam
1491 1532 1621 1606 lusibus

288 1652 356 1724 Leo
382 1652 633 1738 oblectabatur,
656 1655 718 1726 sed
737 1657 857 1726 modus
872 1657 1078 1728 adhibendus
1103 1677 1154 1728 est
1164 1705 1179 1740 ‚
1198 1682 1243 1730 ne
1259 1655 1455 1752 levitatibus
1477 1653 1620 1728 nimium
1704 1687 1710 1708 ·

287 1775 435 1847 tribuere
459 1777 655 1848 videamur.
680 1777 776 1847 Ludo
801 1777 934 1870 &joco
959 1776 1010 1847 uti
1035 1776 1170 1869 quidem
1193 1775 1301 1860 licet.
1325 1775 1386 1852 sed
1414 1774 1505 1847 sicut
1530 1795 1620 1846 sont·

289 1919 335 1966 no
361 1899 395 1968 δι
420 1897 588 1990 quietibus
615 1895 762 1982 ceteris,
786 1913 858 1966 tum
883 1921 959 1970 cunr
984 1899 1142 1990 gravibus
1167 1897 1328 1990 seriisque
1351 1895 1453 1970 rebus
1477 1892 1621 1968 satisfe-

287 2017 458 2089 cerimus.
497 2021 602 2090 Porro
627 2020 686 2110 qai
713 2020 876 2090 rationem
898 2019 990 2089 vitae
1011 2018 1235 2109 reposcebant
1259 2041 1280 2090 a
1303 2015 1497 2100 Pontike,
1530 2013 1619 2086 vitio

290 2134 342 2206 illi
368 2138 517 2216 dabant,
536 2137 636 2230 *quod
660 2135 695 2204 in
728 2135 782 2207 his
814 2134 1064 2210 oblectamentis
1087 2139 1227 2211 nimium
1251 2157 1463 2210 consumeret
1487 2155 1623 2224 tempo·

202 2265 206 2272 '
286 2255 358 2341 ris,
383 2275 504 2340 contra
527 2256 585 2326 aiii
607 2256 678 2325 hoc
700 2256 735 2326 in
760 2255 833 2348 ejus
858 2255 958 2328 laude
982 2258 1186 2347 ponebant,
1210 2256 1329 2352 quod,
1363 2272 1479 2330 amoto
1514 2251 1619 2340 ludo,

286 2375 521 2466 gravissimam
547 2376 712 2466 Principis
743 2379 1157 2468 personamsustinetet,
1184 2399 1225 2449 ac
1250 2389 1402 2450 tueretur
1427 2374 1539 2458 adeo,
1578 2391 1619 2443 ιιι

287 2471 381 2564 nulia
404 2512 494 2564 esset
518 2493 704 2567 Christiani
730 2497 822 2568 orbis
846 2498 959 2590 regio,
982 2519 1051 2589 quo
1076 2500 1149 2591 ejus
1181 2517 1323 2590 paterna
1346 2494 1460 2570 studia
1485 2493 1621 2564 minime

286 2615 500 2704 pervenerint
525 2613 631 2706 (84).
656 2619 741 2687 Sunt
769 2616 827 2688 illa
849 2617 982 2710 quidem
1007 2618 1183 2712 gloriosa,
1211 2643 1297 2712 quae
1336 2619 1378 2692 de
1415 2613 1475 2686 iilo
1498 2613 1621 2686 cecinit

285 2731 511 2820 Hieronymus
549 2737 778 2814 Fracastorius
802 2739 954 2811 secundo
989 2738 1026 2812 in
1049 2737 1235 2831 syphilidis
1257 2739 1364 2829 libro,
1388 2731 1621 2814 hisamitas

234 2835 237 2841 ⁴
285 2847 444 2934 Bembum
471 2839 674 2948 rltoq'ueus:
755 2912 760 2918 .
1041 2868 1043 2876 ·

482 3147 842 3173 ...........
868 3101 938 3188 At,
963 3099 1113 3186 Beabe,
1144 3101 1306 3178 taratara

383 3213 482 3288 Inter
504 3217 592 3288 dona
617 3219 730 3292 Deam
753 3220 851 3294 nobis
873 3223 952 3295 tiata
974 3245 1042 3296 non
1065 3224 1130 3296 en't
1146 3208 1322 3319 'anquam'

381 3335 627 3431 Magnanimos
650 3341 746 3426 Leo,
782 3365 851 3446 qno
870 3344 1036 3426 Latiam,
1061 3367 1127 3442 qna
1152 3347 1295 3416 maxima
1319 3339 1429 3419 Romo

387 3457 526 3528 Attollr't
541 3479 654 3563 *capnt
677 3462 766 3548 olto,
787 3481 950 3561 paterque
972 3489 1014 3538 ea
1038 3487 1161 3562 aggere
1186 3463 1308 3561 Tyana

392 3563 575 3677 Assurgim'
599 3583 794 3682 Romaeque
814 3588 961 3679 fremens
980 3604 1137 3682 gratnm
1159 3586 1304 3658 ovanti.

389 3697 491 3790 Cujus
516 3699 561 3772 ab
583 3707 744 3800 auspiciis
767 3707 833 3797 iam
858 3730 948 3784 nunc
972 3707 1060 3780 nala
1081 3708 1193 3781 sidera
1216 3704 1339 3779 nuntio

390 3817 548 3910 Cessare,
573 3820 608 3894 o
631 3823 718 3898 laeto
742 3833 860 3924 regnat
880 3831 948 3922 jam
972 3827 1107 3924 Jupiter
1128 3829 1226 3913 orte,

381 3933 547 4035 Puraqne
563 3962 723 4036 pacatum
746 3941 900 4041 diffitndr't
922 3946 1049 4020 Iumina
1071 3949 1217 4023 coelura.

394 4057 511 4145 Unus,
537 4063 594 4156 qai
621 4085 801 4140 aerumnas
822 4085 903 4164 post
923 4085 973 4144 tot
993 4055 1175 4170 longosque
1197 4071 1327 4150 totores

384 4175 513 4248 Dulcia
534 4182 602 4273 jan
621 4187 792 4282 profligas
815 4193 986 4264 revocavit
1009 4195 1056 4266 aa
1078 4195 1145 4265 otia
1169 4193 1317 4287 Musa,
1374 4254 1377 4261 .

384 4292 434 4366 Et
455 4296 546 4392 leget
568 4303 668 4376 Latio
692 4311 875 4406 antiquas,
902 4309 1085 4408 aeriumque
1102 4315 1270 4410 piumque·
1380 4335 1382 4340 ·

254 4425 258 4431 ’
322 4419 329 4434 ’
383 4411 571 4508 Restituit,
596 4425 655 4517 ani
675 4427 766 4520 iusta
790 4431 900 4503 animo
919 4433 987 4525 jam
1011 4433 1157 4527 concipit
1179 4453 1273 4506 otnta

377 4530 451 4608 Pro
481 4559 517 4613 re
540 4539 697 4622 Romana
713 4594 724 4638 ,
742 4571 809 4650 pra
830 4551 992 4651 religione
1015 4553 1203 4628 amma.-
