4472 5828
598 659 644 722 ro
985 629 1509 723 naours'n

510 751 513 759 λ
548 772 616 826 tam
641 759 790 849 norrun,
815 787 915 855 qnam
929 769 1040 837 vvetus
1058 771 1321 844 Instrumentum
1345 771 1589 862 pertinebant,
1613 762 1733 836 lisdem
1756 761 1881 834 distin·

551 873 605 948 θα
630 876 776 972 linguis,
804 883 991 979 eademque
1015 891 1104 961 serie
1135 896 1168 962 br
1194 891 1304 962 forma
1328 888 1549 984 typographis
1574 885 1824 978 imprimenda,
1859 884 1889 956 si

546 997 726 1086 libuisset,
753 1005 965 1080 traditurus.
1000 1012 1173 1103 Quodne
1198 1031 1386 1102 praestaret
1411 1011 1484 1103 ejus
1509 1008 1552 1082 ad
1577 1005 1701 1080 Gallos
1726 1005 1887 1098 migratio

546 1112 650 1189 lecit.
681 1119 805 1198 Plenus
830 1146 904 1198 erat
920 1128 1154 1219 expediatione
1172 1137 1239 1206 Leo
1256 1136 1302 1206 de
1324 1134 1459 1206 Theseo
1482 1129 1659 1202 Ambrosio
1685 1123 1888 1212 Ticinensi,
1943 1127 1951 1136 '

547 1258 590 1307 err
612 1240 823 1321 nobilissima
848 1247 1090 1324 Albouensium
1115 1253 1265 1339 familia,
1291 1254 1389 1346 cujus
1413 1249 1580 1324 mirabilis
1604 1267 1679 1320 erat
1703 1243 1888 1318 multarum

547 1353 739 1451 linguarum
764 1366 910 1456 peritia,
932 1395 1102 1464 quemque
1128 1375 1345 1446 Chaldaicam
1371 1379 1404 1447 δι
1429 1371 1601 1460 Syriacam
1625 1369 1661 1438 in
1686 1364 1889 1438 Bononien-

467 1497 469 1502 ·
550 1477 579 1545 si
606 1479 747 1570 Lyceo,
771 1475 865 1578 quod
891 1510 970 1562 aute
996 1493 1031 1563 id
1057 1509 1189 1585 tempus
1214 1517 1391 1587 nunquam
1425 1489 1550 1564 fadum
1587 1485 1701 1560 luerat
1716 1533 1729 1568 ,
1763 1487 1889 1558 docere
1924 1539 1927 1544 ·

547 1601 673 1690 jussit.
703 1605 794 1674 Idem
821 1607 939 1682 audior
964 1611 1032 1684 luit
1056 1612 1168 1686 Sentii
1193 1614 1347 1706 Pagnino
1374 1612 1563 1690 Lucensis
1586 1608 1892 1682 Dominicanorum

548 1718 705 1804 familia,
737 1745 777 1796 ut
802 1750 872 1798 non
896 1733 999 1816 modo
1025 1734 1155 1806 coleret
1183 1736 1275 1825 ipse,
1315 1735 1376 1806 sed
1409 1737 1444 1807 tr
1467 1733 1511 1806 ad
1527 1729 1660 1807 multos
1685 1745 1900 1825 propagaret¹

538 1840 739 1914 ,Hebraicae
773 1844 910 1940 linguae
939 1853 1112 1940 studium,
1137 1877 1284 1947 cumque
1309 1857 1418 1952 abeo
1443 1857 1569 1928 donum
1606 1851 1798 1940 accepisset
1835 1845 1893 1916 in·

505 1989 509 2000 =
551 1966 806 2050 terpretationis
837 1972 1035 2046 divinorum
1058 1975 1244 2064 librorum,
1270 1977 1531 2050 exscribendam
1557 1974 1713 2056 curavit,
1737 1973 1769 2038 bt
1793 1989 1894 2038 sum·

550 2098 631 2170 ptus
656 2083 692 2154 in
718 2088 975 2180 impressionem
999 2119 1037 2166 se
1062 2094 1231 2172 fauorem
1253 2098 1413 2190 promisit
1437 2093 1544 2186 (η),
1570 2093 1664 2187 quod
1695 2108 1811 2162 tamen
1835 2109 1898 2156 se·

550 2201 621 2271 rius
644 2210 814 2292 omnino,
839 2210 1013 2286 Clemente
1037 2220 1107 2290 v11.
1131 2220 1371 2290 Pontificatum
1395 2216 1586 2290 Maximum
1607 2233 1771 2306 gerente,
1796 2231 1896 2303 prae·

550 2326 672 2400 stitum
698 2351 782 2400 est.
802 2331 934 2406 Multos
960 2333 1107 2410 fortasse
1132 2341 1168 2410 in
1203 2341 1431 2434 persequendi
1455 2336 1653 2431 hujusmodi
1688 2335 1898 2421 interpreta-

536 2445 666 2522 ‚tiones
700 2451 818 2524 studio
852 2458 1042 2532 retardavit
1063 2485 1151 2552 quae
1184 2460 1367 2532 incredibili
1391 2480 1499 2549 prope
1525 2456 1642 2526 labore
1681 2459 1716 2523 δι
1757 2465 1897 2538 surnPlu

555 2562 649 2638 falla
672 2591 747 2653 est,
771 2597 855 2648 cura
879 2581 1052 2652 Francisci
1074 2582 1220 2652 Ximeuii
1244 2576 1438 2652 Cardinalis
1468 2571 1643 2665 Compluti
1668 2570 1772 2642 editio
1805 2567 1902 2638 divi·

555 2707 677 2760 norum
702 2695 855 2766 omnium
877 2697 1066 2784 librorum,
1091 2723 1241 2792 quorum
1265 2720 1476 2790 postremum
1501 2693 1665 2767 volumen
1687 2686 1779 2778 (sex
1807 2686 1900 2758 enim

555 2818 667 2875 totum
691 2823 970 2910 opusvconstat)
995 2819 1123 2909 prodiit
1148 2821 1184 2892 in
1209 2819 1321 2892 lucem
1346 2843 1401 2890 an.
1427 2831 1587 2901 sanxit..
1613 2812 1670 2884 cui
1707 2807 1804 2898 operi
1828 2828 1900 2877 ma·

554 2945 660 3015 gnum
684 2950 767 3002 sane
789 2955 833 3003 ex
856 2935 980 3007 Leonis
1005 2941 1047 3008 X.
1071 2939 1238 3024 nomine,
1264 2940 1322 3012 cui
1347 2954 1591 3027 nuncupatur,
1629 2932 1773 3004 accessit
1798 2949 1901 2998 orna·
1942 3028 1948 3039 Ι

552 3065 730 3121 utentum.
758 3056 850 3126 Cum.
870 3073 1004 3144 peteret
1026 3081 1112 3132 vero
1137 3059 1207 3132 Leo
1232 3062 1303 3150 ipse
1327 3054 1519 3146 exemplum
1542 3075 1563 3124 a
1588 3051 1713 3124 ceteris
1750 3045 1904 3120 nationi·

554 3162 641 3254 bus,
663 3171 798 3246 minime
823 3177 979 3248 cessabat
1001 3179 1135 3250 hortari
1159 3179 1265 3250 Italos
1294 3197 1396 3262 suos,
1422 3191 1463 3246 ut
1490 3185 1692 3244 exercerent
1722 3163 1900 3258 ingenium

559 3283 595 3354 in
618 3289 671 3360 his
697 3293 845 3376 studiis,
872 3283 974 3385 idque
997 3295 1192 3385 praesertim
1215 3297 1352 3394 exigere
1376 3293 1558 3373 videbatur
1589 3313 1611 3363 a
1634 3285 1810 3380 religiosis
1840 3282 1903 3354 sa-

559 3405 685 3496 millis,
716 3412 841 3503 quibus
865 3415 1043 3490 hominurn
1065 3415 1267 3494 liberalitato
1300 3433 1354 3487 tot
1378 3411 1572 3490 industriae
1606 3406 1763 3482 subsidia
1800 3423 1903 3497 atque

560 3521 789 3602 instrumenea
815 3537 1064 3633 comparandae
1088 3538 1276 3636 sapientiae
1298 3525 1823 3627 srtppediutaerant·1²lurima
1835 3545 1908 3604 m·

558 3637 611 3728 ¹2,
640 3669 730 3740 quae
754 3649 869 3728 inusta
892 3677 990 3730 etant
1012 3657 1254 3748 Reipublicae,
1279 3658 1406 3734 idcirco
1430 3654 1641 3754 deploranda
1664 3673 1741 3727 esse
1767 3645 1905 3746 ajebat,

550 3765 657 3856 ‚quod
688 3767 838 3862 religiosi
861 3773 1016 3854 homines
1041 3780 1329 3872 degeneraverant
1349 3801 1370 3852 a
1393 3780 1559 3870 majorum
1586 3763 1910 3866 disciplina,.quod·
1948 3866 1950 3870 ι

563 3895 630 3976 que
653 3887 753 3967 beare
780 3891 953 3975 vitereio
989 3898 1114 3972 inertia
1148 3921 1340 3992 ponerent,
1376 3905 1596 3998 Quapropter
1627 3917 1729 3990 saepe
1764 3885 1901 3988 monuit

563 4031 683 4090 'Qtrun
707 4013 920 4102 Praefectos,
946 4036 986 4098 ut
1010 4023 1157 4110 praemia
1181 4021 1356 4116 dignitatis
1375 4023 1425 4105 iis¹
1438 4022 1668 4113 denegarent,
1687 4014 1750 4109 qui
1772 4009 1832 4084 illa
1848 4026 1912 4098 po·

591 4115 598 4125 ⁸
803 4138 943 4212 minime
974 4139 1079 4222 ¹utiles
1109 4144 1244 4220 labores
1277 4141 1533 4232 suscepissent,
1567 4160 1678 4232 neque
1711 4147 1912 4226 paterentur

572 4231 696 4308 wells
715 4231 815 4304 “¹⁶¹⁶
980 4284 1017 4346 ta
1039 4261 1182 4352 salutis,
1208 4263 1373 4360 populum
1393 4259 1529 4344 ‘hortari
1552 4261 1595 4338 ad
1618 4259 1781 4335 virtutem
1799 4258 1833 4326 bc
1850 4250 1915 4322 de·

573 4375 665 4457 Ψ*
690 4373 732 4432 ²⁶
757 4375 968 4432 ‘elmlea
1085 4387 1092 4402 '
1205 4387 1249 4461 isi
1271 4407 1365 4473 eos,
1392 4387 1454 4480 qui
1481 4383 1680 4477 graviorum
1706 4378 1828 4452 artium
1852 4374 1916 4446 in-

580 4473 997 4560 restaurationum
1021 4469 1157 4553 laudern
1180 4473 1209 4551 ε’
1236 4495 1285 4550 rc
1403 4483 1405 4487 ’
