4372 5842
632 684 734 759 224·
1044 669 1071 737 L
1119 670 1146 740 E
1194 671 1226 740 O
1275 674 1305 742 N
1352 676 1365 742 l
1429 675 1451 742 S
1525 669 1566 742 Χ.

584 790 737 882 logotum
764 787 952 880 praediCla,
977 789 1095 878 librum
1118 792 1161 863 de
1187 791 1276 864 illius
1302 791 1414 884 genesi
1438 767 1663 880 conscripsii,
1688 789 1724 862 itt
1748 812 1849 883 quo,
1881 801 1921 860 t'tt

586 912 633 980 ait
659 909 883 990 Valerianus,
909 912 1118 983 abditissima
1142 938 1296 1005 quaeque
1319 913 1493 984 anteadlae
1518 914 1658 995 aeratis,
1695 915 1729 994 dt
1767 911 1828 984 uiri
1854 911 1920 1001 ipsi
1980 911 1983 914 ’

526 1116 530 1126 ι
586 1033 724 1124 cognita
749 1036 889 1127 Principi
915 1035 1105 1126 explicuit,
1129 1059 1283 1129 quaeque
1318 1037 1574 1120 incumberent,
1612 1029 1765 1126 quaeque
1804 1013 1923 1103 sutura

588 1175 701 1224 essent
728 1155 763 1224 in
788 1156 938 1248 singulos
967 1156 1035 1228 fere
1060 1157 1132 1226 dies
1158 1157 1352 1246 praedixit,
1389 1179 1476 1247 quae
1514 1177 1593 1226 curn
1626 1147 1784 1245 probaret
1821 1175 1927 1223 even·
1957 1188 1961 1196 ·

590 1289 673 1360 tus,
697 1275 823 1352 dixisse
848 1276 956 1348 fertur
981 1281 1073 1360 Leo,
1099 1275 1316 1366 astrologiam
1341 1295 1514 1348 vetustate
1538 1280 1572 1348 δι
1593 1275 1794 1368 negligentia
1818 1275 1927 1345 extin-

590 1393 677 1467 Clam
704 1396 834 1466 inuno
860 1397 990 1480 dentum
1014 1397 1139 1469 Priulio
1164 1397 1356 1480 revixisse,
1382 1397 1474 1487 quod
1498 1397 1553 1467 hic
1579 1395 1686 1468 muira
1725 1396 1771 1476 ad
1796 1395 1929 1467 uerita·

586 1531 667 1587 tem
690 1522 723 1588 sc
748 1540 886 1606 prorsus
912 1519 1077 1592 mirabilia
1101 1519 1309 1591 vaticinatus
1334 1537 1447 1590 esset.
1474 1519 1582 1612 Hujus
1616 1517 1663 1588 rei
1684 1515 1771 1592 fides
1796 1518 1839 1587 sit
1865 1539 1926 1605 pe·

594 1660 655 1708 nes
681 1636 914 1724 Valerianum,
939 1639 1151 1730 quiaillud
1176 1639 1322 1719 addidit,
1342 1641 1493 1708 -Leonem
1516 1635 1689 1709 liberalem
1712 1636 1800 1708 illius
1825 1638 1930 1728 grati·

536 1815 539 1827 ,
593 1758 717 1830 litandi
738 1757 995 1848 honorandique
1020 1755 1232 1830 voluntatem
1257 1759 1383 1830 idcirco
1409 1779 1581 1843 mutasse,
1606 1758 1695 1853 quod
1729 1758 1779 1826 ita
1800 1758 1929 1827 insani·

554 1935 557 1940 ‚
594 1884 632 1952 t'e
657 1879 787 1974 coepit,
814 1899 851 1950 ut
874 1879 1007 1949 demum
1031 1880 1262 1951 sibimortem
1289 1881 1522 1952 consciverit.
1548 1883 1660 1972 Quam
1685 1899 1798 1953 essent
1822 1881 1929 1952 auda-

597 2021 669 2081 tes,
695 2021 797 2090 quam
821 2000 958 2071 ventosi
982 2001 1092 2074 divini
1118 2000 1331 2094 huiusmodi,
1355 2023 1397 2073 ex
1415 2023 1451 2070 se
1466 2002 1538 2092 ipso
1565 1997 1749 2092 aliquando
1775 1999 1928 2074 Pontifex

598 2141 804 2211 cognoscere
829 2121 965 2210 potuit.
990 2120 1073 2192 Nam
1100 2122 1334 2220 tungravius
1371 2141 1560 2214 aegrotaret
1594 2144 1637 2196 ex
1662 2123 1801 2207 morbo,
1834 2145 1932 2216 quem

532 2261 533 2264 ¹
599 2235 633 2310 in
659 2238 737 2314 sede
761 2239 926 2325 habebat,
951 2241 1072 2332 cuique
1097 2259 1288 2314 accesserat
1315 2261 1416 2312 actara
1450 2240 1576 2325 febris,
1610 2243 1724 2340 extitit
1759 2241 1952 2333 religiosus·

601 2360 735 2454 quidam
759 2359 886 2446 homo,
911 2363 1153 2437 bonaventura
1186 2362 1352 2449 nomine,
1385 2365 1443 2454 qui
1475 2383 1568 2438 certo
1603 2385 1640 2436 se
1676 2365 1763 2436 seire
1797 2365 1936 2440 affirma·

578 2477 675 2562 vit,
699 2480 795 2560 brevi
825 2481 1019 2558 Pontificem
1040 2485 1265 2564 moriturum.
1289 2485 1481 2560 Contrusus
1505 2484 1540 2556 in
1564 2504 1756 2570 carcerem,
1794 2484 1936 2561 interro·
2051 2461 2054 2468 ¹

602 2617 771 2698 garrisque
794 2601 883 2677 unde
911 2601 977 2676 hoc
1006 2603 1140 2686 sciret,
1164 2604 1338 2700 respondit
1361 2624 1400 2674 se
1433 2603 1598 2680 divinitus
1633 2604 1780 2682 oracula
1818 2603 1937 2679 funde·

604 2739 661 2802 ro,
701 2740 810 2818 neque
832 2745 987 2803 recusare
1012 2724 1093 2820 quin
1111 2721 1252 2804 flammis
1272 2723 1517 2809 damnaretur,
1543 2724 1572 2796 si
1597 2745 1677 2802 vera
1695 2727 1827 2804 minime
1847 2749 1941 2815 prae·

604 2838 765 2916 dixisset.
790 2842 975 2922 Convaluit
1000 2865 1113 2922 tamen
1135 2847 1228 2932 Leo,
1248 2848 1285 2926 §t
1308 2847 1369 2938 qui
1393 2847 1479 2922 haec
1504 2868 1618 2925 narrar
1642 2848 1824 2932 crassius,
1848 2848 1940 2920 eddi·

605 2960 677 3048 dit,
701 2959 828 3040 vidisse
851 2985 927 3042 eunt
952 2963 988 3044 iu
1012 2964 1076 3045 hae
1101 2965 1309 3057 aegritudine
1333 2965 1639 3050 lacrimantem&
1659 2966 1802 3055 suspiria
1826 2967 1941 3042 eden-

608 3097 700 3164 tem,
725 3081 823 3180 quasi
846 3083 889 3154 de
913 3107 950 3166 se
976 3083 1083 3166 atium
1103 3105 1215 3174 esset,
1239 3082 1335 3189 quod
1359 3083 1494 3186 quiden
1514 3085 1647 3164 minime
1672 3081 1775 3166 sortis
1796 3093 1834 3161 dt
1863 3111 1944 3162 con·

611 3198 740 3277 stantis
767 3201 866 3283 animi
888 3205 1024 3296 signum
1045 3204 1144 3287 fuit,

619 3310 635 3386 ἰ
706 3321 891 3422 Postquam
915 3325 1017 3418 satis,
1042 3343 1081 3406 ut
1104 3323 1326 3413 arbitramur,
1357 3323 1623 3414 declaravimus,
1650 3349 1738 3422 quae
1761 3328 1945 3404 eonttderit

569 3489 571 3494 ,
612 3439 681 3508 Leo
707 3441 749 3514 ad
772 3441 1047 3543 disciplinarum,
1072 3443 1258 3526 litterarum
1281 3447 1544 3530 humaniorum,
1578 3455 1611 3522 dt
1646 3446 1837 3535 liberalium
1869 3473 1945 3522 orn-

617 3558 708 3652 nium
733 3560 857 3638 arrium
881 3561 1143 3646 incrementum,
1181 3564 1217 3645 in
1252 3563 1373 3658 quibus
1412 3569 1616 3667 populorum
1652 3566 1868 3656 felicitatem,
1892 3571 1947 3642 sui

616 3677 837 3760 pontificatus
862 3679 1030 3772 gloriam,
1053 3685 1087 3753 dt
1111 3684 1207 3756 Urbis
1231 3686 1333 3770 decus
1358 3689 1460 3770 situm
1486 3711 1561 3770 esse
1600 3691 1741 3769 maxime
1780 3676 1947 3788 putabat,

618 3821 689 3868 non
714 3800 754 3870 ab
780 3823 816 3873 re
839 3804 905 3874 erit
927 3804 1052 3884 docere
1076 3827 1205 3896 quanto
1229 3809 1340 3887 studio
1366 3809 1504 3892 aliarum
1525 3822 1662 3903 quoque
1687 3813 1819 3890 urbium
1840 3835 1946 3886 orna-

618 3936 734 3990 mento
761 3921 988 4002 consuluerit,
1012 3924 1113 4002 Anno
1140 3941 1270 4004 moxv,
1297 3945 1335 3997 at.
1357 3929 1428 4000 Kal.
1469 3929 1624 4002 octobris
1651 3931 1826 4006 Abbatiam
1850 3930 1951 4023 Burgi

620 4038 652 4108 S.
677 4041 857 4130 Sepulmi,
882 4067 984 4141 quarn
1008 4043 1227 4140 possidebant
1260 4047 1422 4124 Menaeni
1457 4045 1768 4131 Camaldulenses,
1800 4072 1952 4143 quaeque
2023 4140 2025 4143 ι

623 4178 724 4231 antea
747 4162 923 4252 Templum
947 4166 1054 4260 maius
1079 4166 1179 4256 Burgi
1203 4163 1455 4264 appellabatur,
1480 4169 1602 4242 amotis
1638 4169 1703 4240 illis
1739 4173 1953 4261 Monachis,

623 4280 684 4375 qui
710 4281 745 4352 in
779 4307 819 4357 eo
845 4305 898 4356 res
922 4284 1322 4376 rlivinasprocurabant,
1353 4287 1389 4363 in
1415 4289 1649 4378 Episooparum
1671 4293 1811 4380 evexit,
1855 4270 1957 4381 Epis-

626 4423 817 4493 copumque
841 4425 1017 4478 sacrorum
1040 4427 1142 4476 curae
1166 4427 1339 4494 praeesse,
1365 4411 1399 4480 tr
1423 4431 1494 4478 non
1520 4411 1663 4498 amplius
1683 4411 1870 4502 oppidum,
1894 4411 1955 4480 sed

627 4519 803 4596 civitatem
826 4524 1006 4620 appellati,
1024 4527 1245 4623 ,civitatisque
1278 4529 1354 4622 jura
1386 4527 1654 4628 dignitatemque
1691 4529 1845 4604 obtinere
1885 4529 1957 4643 jus.

1864 4649 1910 4702 Sli
