4386 5838
527 677 530 684 ·
583 667 628 736 ps
977 642 1004 710 L
1052 643 1082 712 tt
1128 641 1160 709 0
1209 643 1238 712 N
1275 642 1299 710 l
1352 641 1374 708 S
1444 636 1489 709 X.

483 840 485 846 ,
535 763 711 834 Pontificio
735 763 1098 836 exercitu'Placentiae
1123 780 1222 844 erat,
1247 758 1370 833 hostile
1396 757 1480 830 nihil
1507 764 1658 880 tentare.
1681 741 1781 834 Sane,
1800 757 1872 827 nra&
1901 769 1904 772 ’

535 909 684 974 gnopere
709 887 850 976 optabat
875 883 1090 957 Franciscus'
1109 885 1183 953 Rex
1217 875 1398 952 amicitiam
1423 872 1565 971 jungere
1599 901 1676 948 cum
1695 878 1871 948 -Romano

535 1006 721 1090 Pontifice,
747 985 965 1078 reminiscens
980 989 1168 1095 quotmala
1193 1002 1375 1092 peperisset
1388 1001 1465 1073 lulii
1482 1003 1521 1071 ll.
1538 1000 1574 1069 in
1599 995 1717 1069 Gallos
1736 995 1878 1068 odium,

533 1127 652 1216 ltaque
678 1125 796 1215 paucis
822 1128 902 1194 cum
923 1143 1014 1195 esset
1039 1125 1075 1220 in
1100 1141 1280 1215 utramque
1307 1139 1436 1212 partem
1460 1119 1695 1210 disputatum,
1731 1113 1876 1206 cumque

466 1255 468 1257 ’
535 1244 571 1314 in
597 1247 696 1317 istam
719 1245 984 1335 pacificationem
1009 1267 1045 1314 se
1068 1266 1207 1335 quoque
1231 1243 1493 1332 interposuisset
1535 1239 1678 1312 Carolus
1716 1236 1878 1308 Allobro·
1991 1307 2000 1315 ,

501 1437 502 1442 ,
535 1391 616 1459 gum
641 1371 737 1448 Dux,
765 1363 863 1456 cujus
885 1362 1037 1433 studium
1062 1363 1098 1434 in
1122 1343 1303 1436 Mediceos
1318 1364 1454 1436 minime
1478 1381 1552 1437 erat
1576 1362 1784 1445 obscurum,
1823 1377 1876 1429 res

534 1489 605 1573 huc
631 1485 773 1558 dedudla
796 1503 873 1566 est,
900 1505 936 1556 ut
962 1488 1035 1555 Rex
1059 1487 1093 1556 in
1117 1485 1216 1558 fidem
1251 1485 1415 1576 reciperet
1440 1464 1663 1568 Pontificem,
1687 1471 1878 1562 lulianum,

535 1606 755 1676 Laurentium
782 1613 816 1676 er
841 1605 1082 1688 Florentinos,
1107 1625 1146 1676 ut
1170 1606 1311 1676 liberum
1337 1625 1426 1676 esset
1451 1605 1630 1674 Cordonae
1655 1600 1790 1691 Proregi
1812 1619 1882 1687 per·

533 1725 729 1796 Pontificias
755 1727 949 1815 provincias
974 1725 1150 1817 Neapolim
1173 1725 1294 1814 copias
1320 1723 1504 1814 reducere,
1527 1741 1566 1793 ut
1590 1720 1750 1792 Pontifex
1775 1741 1876 1790 revo-

532 1851 626 1914 caret
650 1847 785 1917 Verona
809 1843 954 1920 milites,
978 1869 1066 1936 quos
1091 1846 1231 1919 Caesari
1255 1845 1418 1916 adversus
1445 1845 1594 1916 Venetos
1613 1824 1771 1924 =subsidio
1813 1837 1877 1908 mi·
1923 1930 1929 1940 Ι

531 1983 649 2053 serat,
674 1984 713 2037 ut
738 1967 822 2061 Regi
846 1963 1096 2056 possessionem
1121 1966 1312 2036 Parmae&
1337 1963 1526 2038 Placentiae
1552 1961 1785 2046 concederet,
1810 1980 1872 2052 pro

508 2164 510 2172 ¹
532 2109 603 2176 quo
627 2085 831 2176 promissum
854 2102 908 2154 est
932 2082 1202 2156 Mediolanenses
1225 2106 1359 2158 omnem
1384 2083 1463 2156 salis
1484 2089 1615 2178 copiam
1639 2084 1763 2157 Cervia
1783 2104 1875 2153 corn·

531 2225 755 2293 portaturos,
781 2195 820 2276 ιιι
845 2203 1010 2275 Mediceis
1035 2203 1116 2292 ipsis
1143 2227 1290 2276 annuam
1317 2207 1480 2296 pecuniae
1505 2230 1694 2288 summam,
1719 2209 1753 2277 dt
1776 2201 1876 2275 lulia-

529 2347 577 2393 no
601 2326 637 2396 in
660 2323 774 2396 Gallia
798 2325 961 2410 ditionem
981 2322 1127 2417 aliquam
1151 2321 1248 2412 (fuit
1285 2327 1369 2399 haec
1396 2326 1563 2398 Namurci
1597 2326 1778 2416 Ducatus)
1798 2324 1874 2394 Rex
1925 2325 1933 2331 ’

431 2478 436 2490 ·
516 2466 569 2528 se
595 2444 755 2518 daturum
780 2443 982 2536 sponderet,
1011 2450 1045 2516 δι
1077 2469 1120 2517 ne
1152 2470 1172 2518 a
1196 2444 1403 2518 Florentinis
1427 2447 1512 2518 dura
1536 2446 1710 2536 exigeret,
1744 2443 1875 2516 idcirco

531 2562 615 2656 quia
638 2561 760 2636 foedus
790 2564 911 2637 initum
935 2589 1012 2638 cum
1036 2542 1213 2640 Ludovico
1240 2584 1310 2641 xJJ.
1337 2565 1574 2638 violaverant.
1599 2566 1659 2635 llis
1674 2560 1873 2645 conventis,

531 2681 739 2756 Laurentius
764 2685 906 2776 supplex
931 2687 974 2758 ad
998 2690 1122 2779 Regem
1149 2687 1235 2773 ivit,
1265 2689 1402 2757 Canosa
1426 2705 1535 2765 vero,
1554 2683 1670 2754 citatis
1694 2683 1812 2775 equis,
1831 2680 1875 2754 ad
1916 2669 1921 2676 ⁵

531 2801 730 2875 Pontificem
756 2805 960 2892 contendit,
992 2823 1031 2876 ut
1055 2804 1113 2878 illa
1133 2824 1208 2877 rata
1233 2829 1274 2878 ac
1297 2803 1391 2878 firma
1415 2807 1557 2878 haberet
1581 2803 1694 2892 (40).
1728 2803 1874 2874 Goallus

532 2921 589 2996 hic
615 2923 815 3004 necessitati
841 2949 979 3016 parere,
1002 2927 1101 3023 jussit
1124 2925 1346 3017 magistratus
1373 2929 1490 2996 Parma
1513 2930 1548 2996 δι
1574 2921 1748 2997 Placentia
1772 2923 1876 2994 dece·

531 3046 639 3130 dere,
664 3066 713 3118 ιιι·
728 3068 943 3138 nequaquam
965 3069 1023 3117 eas
1048 3046 1149 3118 urbes
1175 3047 1218 3118 de
1239 3055 1346 3118 ‘mauu
1372 3044 1574 3130 tradidisse,
1608 3045 1671 3116 sed
1695 3043 1875 3116 deditionis

420 3213 423 3220 ι
533 3168 709 3240 arbitrium
731 3167 880 3257 ipsarum
904 3163 1039 3237 civibus
1060 3163 1233 3256 reliquisse
1257 3165 1453 3252 videretur,
1473 3187 1612 3255 sperans
1632 3161 1796 3236 infamiae
1812 3186 1879 3234 no·

422 3377 424 3384 X
532 3302 626 3371 tam,
651 3311 754 3379 quam
781 3307 852 3358 turn
875 3305 1007 3356 summo
1026 3305 1106 3356 cum
1129 3284 1232 3356 animi
1256 3283 1375 3358 dolore
1391 3285 1503 3358 subire
1520 3285 1730 3376 cogebatur,
1754 3305 1878 3376 posse,

534 3401 677 3478 reflante
703 3402 863 3489 fortuna,
887 3402 1064 3478 resarciri.
1092 3407 1252 3478 Ceterum
1276 3405 1360 3498 Regi
1385 3404 1450 3495 ipsi
1476 3404 1736 3498 significandum
1769 3395 1880 3478 cura·-

532 3524 608 3611 ιιι,
635 3525 817 3598 amicitiam
839 3522 929 3596 illius
956 3524 1021 3596 sibi
1043 3545 1244 3600 ornamento
1270 3527 1302 3592 dt
1325 3527 1521 3618 praesidio,
1565 3547 1637 3595 non
1673 3525 1880 3598 detrimento

420 3726 423 3735 ,
534 3669 609 3718 esse
632 3664 818 3736 oportere,
839 3645 940 3738 idque
965 3669 1002 3718 se
1026 3657 1149 3738 caspe
1173 3645 1336 3738 periisse.
1364 3645 1417 3716 Ad
1440 3669 1527 3738 quae
1562 3633 1750 3737 respondit·
1772 3647 1874 3729 Rex,

535 3788 647 3858 neque
670 3787 790 3851 suam,
816 3755 934 3858 neque
947 3763 1125 3840 Gallorum
1148 3765 1430 3840 cousuetudinem
1454 3765 1548 3856 pati,
1574 3783 1612 3836 ut
1645 3765 1732 3838 bene
1759 3763 1803 3836 de
1839 3783 1879 3855 se

424 3891 428 3900 '
461 3901 464 3907 '
535 3884 664 3964 meritis
678 3883 852 3978 ,injuriam
874 3882 1022 3968 laceret,
1048 3886 1286 3960 tantummodo
1311 3887 1580 3958 reminisceretur
1615 3907 1674 3955 eas
1705 3876 1807 3956 urbes
1832 3881 1875 3954 ad

417 4071 424 4092 ¹
534 4001 841 4080 Mediolanensium
864 4003 1026 4078 ditionem
1052 4005 1221 4094 pertinere
1235 4055 1252 4090 „
1273 4003 1469 4098 addiditque
1493 4029 1619 4096 cupere
1636 4005 1878 4090 seuehetrterta

416 4194 422 4208 ,
535 4139 609 4204 ter,
635 4140 675 4192 ut
699 4121 804 4206 deiis
833 4121 959 4206 rebus,
984 4145 1072 4214 quae
1096 4123 1184 4194 inter
1209 4123 1302 4213 ipsos
1322 4124 1378 4216 agi
1392 4145 1554 4216 coeptae,
1579 4147 1689 4218 neque
1704 4118 1875 4214 perfectae

541 4259 685 4325 esseut,
713 4265 789 4315 cum
814 4263 857 4312 eo
881 4263 1071 4314 sermonem
1095 4242 1248 4328 halsere,
1273 4267 1378 4335 quare
1402 4227 1575 4316 locunt‘&
1599 4264 1731 4332 ternpus
1765 4239 1879 4312 collo-

535 4356 621 4448 'quio
646 4358 894 4430 constitueret.
929 4359 1155 4474 colloquendi
1188 4366 1298 4434 erant
1321 4379 1464 4434 caussae
1498 4359 1680 4442 Pontifici,
1714 4345 1774 4451 qui
1810 4379 1880 4432 uotr

536 4493 608 4558 tant
638 4473 904 4572 ltaliaesaluti,
926 4493 1031 4568 quarn
1057 4481 1392 4558 snorumforrunae
1425 4478 1599 4562 consulere
1628 4477 1794 4556 vvolebat·
1832 4481 1880 4550 At
