4372 5842
637 763 642 772 .
728 697 759 763 V
855 697 870 764 l
966 699 1000 770 Τ
1095 697 1126 768 A
1480 715 1549 787 ²³3

278 837 347 888 tem
372 829 471 904 posse
497 813 617 886 confici
643 811 910 900 existimasset,
944 822 977 888 bt
1012 835 1192 910 postquam
1215 839 1274 908 per
1298 836 1445 911 quatuor
1471 819 1604 890 circiter

276 933 380 1006 iteras
404 935 501 1006 vatio
526 953 651 1006 euentu
677 933 713 1003 in
739 936 871 1006 uiarum
898 939 1083 1028 augustiis,
1099 953 1289 1032 magnoque
1314 939 1479 1031 utrimque
1506 939 1604 1010 ardo·
1708 995 1712 1002 .

277 1071 525 1146 repugnatum
551 1073 602 1122 est
617 1106 626 1134 ‚
642 1052 730 1122 Galli
756 1054 907 1142 superati
938 1056 1101 1144 fuerunt,
1132 1059 1318 1151 amissoque
1345 1056 1493 1140 vexillo,
1519 1055 1611 1126 ntul-

280 1179 399 1268 tlsqtte
415 1194 554 1244 suorum
578 1170 774 1244 desideratis
799 1224 810 1258 ‚
835 1153 1114 1248 ad‘Lorrechiurn
1140 1178 1336 1249 redierunt.
1362 1181 1432 1246 Hac
1461 1199 1497 1248 re
1526 1201 1607 1246 om-

199 1328 237 1398 q,
274 1318 335 1374 tres
360 1293 475 1384 copiae
500 1293 585 1364 adeo
610 1310 691 1372 sunt
724 1295 968 1382 perturbatae,
1008 1313 1046 1394 ut
1069 1294 1128 1366 virt
1152 1296 1293 1389 judicari
1317 1315 1458 1386 posset,
1493 1313 1607 1366 utrum

275 1415 433 1488 secundis
456 1412 633 1504 nimilpque
659 1413 758 1484 rebus
784 1411 1024 1484 insolentiores
1040 1435 1051 1498 ς
1070 1435 1114 1482 an
1141 1407 1291 1486 adversis
1318 1415 1608 1504 mediocribusque

275 1535 457 1608 timidiores
482 1552 597 1606 essent
619 1583 629 1604 .
653 1537 739 1606 Cum
763 1533 969 1604 Foederatos
995 1531 1037 1604 ad
1061 1531 1223 1625 quidlibet
1248 1533 1437 1606 audendum
1472 1553 1609 1622 paratos

273 1657 407 1730 videret
421 1653 617 1724 Lotrecltins
636 1704 646 1732 ‚
662 1652 739 1722 iniit
753 1651 932 1722 consilium
957 1675 994 1724 se
1018 1673 1055 1722 se
1071 1654 1254 1742 recipiendi
1269 1653 1522 1740 Mediolanum,
1537 1677 1606 1744 quo

273 1797 311 1848 ιιι
337 1775 510 1865 pervenit,
538 1771 823 1861 christophorum
850 1771 1101 1845 Pallavicinium
1126 1775 1283 1863 opibus,
1321 1793 1462 1860 aetate,
1483 1795 1606 1864 genere

274 1917 314 1966 ac
334 1893 511 1969 nobilitate
536 1914 617 1964 suae
644 1892 792 1963 civitatis
839 1890 933 1962 facile
955 1967 958 1974 ,
977 1893 1153 1982 mimum,
1190 1915 1230 1965 ac
1256 1895 1384 1984 populo
1409 1896 1612 1982 acceptissi·.

272 2035 360 2084 muru
384 2031 489 2083 morte
515 2011 686 2082 damnauit
712 2063 723 2096 ,
748 2012 841 2102 quo'd
865 2011 906 2084 ad
930 2015 1195 2084 exsaturandum
1215 2014 1348 2095 odium,
1377 2013 1468 2104 quod
1492 1987 1528 2082 iu
1552 2015 1608 2103 'rp-

272 2154 346 2208 sum
385 2132 450 2223 jam
487 2132 710 2202 inveteratum
744 2129 909 2214 habebat,
933 2131 1026 2204 &ad
1044 2134 1268 2204 continendos
1291 2151 1420 2204 ceteros
1445 2132 1608 2202 inofficio

271 2252 393 2324 &lide
417 2271 647 2340 opportunum
673 2251 805 2340 putavit
832 2299 841 2318 .
868 2251 944 2321 Non
968 2252 1059 2323 enirn
1081 2272 1215 2342 poterat
1240 2254 1395 2343 ignorare
1429 2274 1498 2322 non
1531 2252 1600 2322 bo·

269 2395 315 2449 uo
340 2373 376 2442 'tn
401 2373 517 2444 Gallos
538 2375 568 2436 bt
598 2372 633 2442 in
656 2395 693 2444 se
716 2394 792 2442 esse
816 2371 927 2444 auimo
945 2423 954 2452 ,
970 2395 1163 2464 quanquam
1190 2372 1413 2444 abstinentiae
1429 2373 1595 2463 atqueju·

268 2492 380 2566 stiriae
405 2491 536 2566 laudern
563 2491 689 2566 ferret.
713 2493 777 2564 Sed
800 2491 903 2562 horno
929 2492 1125 2580 superbus,
1169 2489 1260 2566 serus
1296 2497 1329 2564 bt
1364 2515 1464 2582 saepe
1498 2492 1598 2560 etiam

266 2613 410 2686 crudelis
437 2615 522 2686 adeo
546 2636 662 2684 ornnes
689 2613 730 2684 ab
754 2637 791 2683 se
819 2611 1092 2698 abalienaverat,
1111 2631 1150 2682 ut
1175 2612 1311 2704 quiduis
1349 2613 1484 2702 potius,
1500 2634 1613 2702 quatu.

263 2731 355 2806 illius
379 2714 640 2818 dominationem
666 2733 752 2804 serre
777 2752 936 2823 possent.
963 2729 1098 2802 Nudato
1116 2728 1259 2802 flumine
1280 2729 1599 2815 defensoribus‚fa·

266 2850 385 2944 doque
408 2852 443 2924 in
466 2875 508 2924 eo
531 2873 664 2944 ponte.
685 2878 725 2926 ea
749 2873 861 2940 mente
877 2851 959 2922 illud
982 2849 1151 2922 exercitus
1167 2848 1348 2929 transivit,
1373 2871 1527 2939 utquam
1553 2851 1598 2920 ci·

262 2971 389 3044 tissime
422 2991 536 3062 posset
561 2971 793 3044 Mediolanum
828 2971 1036 3044 accederet.
1074 2972 1118 3045 tlt
1153 2968 1317 3040 Columna
1351 2969 1594 3042 considendum

262 3089 443 3186 Mariniani
471 3092 636 3182 putavit,
661 3109 698 3160 ut
721 3093 749 3164 si
775 3111 851 3162 tuto
872 3087 929 3160 illa
954 3088 1077 3160 ciuitas
1102 3087 1229 3160 tentati
1254 3088 1345 3158 haud
1380 3090 1592 3184 potuisset,

262 3210 457 3298 expeditum
481 3211 620 3282 haberet
645 3231 819 3302 receptum
842 3210 877 3278 in
901 3209 1016 3301 urbem
1041 3208 1198 3280 Ticinum
1227 3259 1237 3290 ,
1274 3231 1361 3302 quae
1386 3208 1480 3280 nullo
1513 3233 1609 3306 mu-⁴
1652 3289 1658 3298 Ι

262 3331 337 3404 nita
360 3349 436 3403 erat
460 3331 653 3420 praesidio.
676 3332 766 3400 Dum
784 3329 827 3400 de
853 3330 980 3402 ordine.
998 3352 1134 3416 tetum„
1159 3333 1192 3400 bt
1219 3327 1332 3422 loci&
1352 3327 1513 3423 temperis
1537 3353 1597 3418 op·

259 3451 473 3540 portunitate
498 3452 741 3540 disceptatur,
777 3450 871 3522 venit
906 3451 947 3522 ad
971 3449 1093 3524 lulium
1118 3449 1328 3522 Cardinalem
1361 3428 1464 3522 senex
1488 3447 1591 3520 horne

258 3572 379 3644 habitu
405 3571 532 3664 plebeio
555 3571 717 3655 indutus,
743 3568 831 3642 facie
856 3591 970 3644 tamen
995 3570 1133 3651 liberali,
1157 3572 1214 3662 qui
1234 3591 1271 3640 se
1287 3569 1327 3642 ab
1343 3568 1460 3641 incolis
1475 3591 1594 3666 paroc·

260 3691 331 3764 eiae
356 3689 619 3782 Mediolanensis
633 3740 644 3770 ‚
670 3689 724 3759 cui
748 3693 779 3759 S.
818 3691 898 3776 Cyri
931 3713 1084 3782 nemen,
1109 3691 1248 3762 missum
1273 3689 1475 3772 affirmavit,
1501 3707 1538 3757 ut
1562 3687 1593 3757 ei

258 3809 430 3880 nuntiaret
446 3809 598 3906 omniurn
615 3832 690 3880 esse
706 3809 892 3900 dispositos
911 3810 1041 3880 animos
1059 3795 1102 3880 ad
1116 3807 1332 3900 expellendos
1353 3807 1493 3878 civitate
1507 3805 1591 3894 Gal·
1658 3811 1661 3820 ’

255 3925 334 4028 los,
358 3926 473 3998 statim
499 3950 537 3998 ac
563 3928 758 4002 Pontificius
784 3930 953 4000 exercitus
978 3927 1021 4003 ad
1045 3927 1136 3999 illius
1162 3928 1293 4000 moenia
1315 3926 1608 4022 appropinquas.

256 4069 307 4120 set
333 4097 342 4117 .
367 4049 453 4142 Quis
477 4049 534 4120 hic
559 4049 663 4118 homo
689 4068 801 4129 esset,
825 4055 859 4121 dt
885 4049 1047 4142 aquibus
1073 4047 1196 4118 missus
1222 4047 1300 4116 sciri
1324 4044 1415 4140 haud
1452 4042 1589 4134 potuit.

254 4170 397 4259 Propius
421 4167 553 4260 quidem
579 4167 719 4234 accessit
752 4167 951 4252 exercitus,
975 4167 1191 4258 anteibatque
1217 4187 1333 4234 omnes
1360 4185 1435 4234 cum
1462 4162 1586 4249 Hispa-

256 4289 308 4358 nis
332 4285 493 4358 militibus
518 4283 709 4364 Piscarius,
734 4285 815 4374 qui,
839 4307 882 4354 ne
904 4282 1011 4378 gloria
1037 4285 1233 4354 vinceretur
1260 4282 1487 4362 aColumna,
1512 4281 1586 4350 nula

252 4386 324 4482 ium
347 4429 409 4502 pro
433 4429 495 4476 sua
519 4402 619 4475 laude
644 4403 869 4474 tecttsaudum
894 4403 1076 4492 periculum
1108 4404 1241 4494 putauit
1267 4453 1276 4471 .
1303 4407 1333 4471 is
1357 4425 1432 4472 cum
1448 4401 1491 4470 ad
1516 4397 1586 4468 los·

252 4549 353 4614 sent,
379 4524 475 4600 nocie
500 4523 733 4614 adventante,
757 4523 1061 4692 appropinqqqasset
1077 4574 1087 4610 ,
1102 4545 1189 4614 quae
1214 4539 1266 4592 est
1295 4521 1381 4592 inter
1398 4521 1583 4590 Romanam

992 4643 1014 4714 g
1037 4637 1061 4692 2
