4372 5842
647 645 714 730 adu
1016 647 1044 714 L
1090 645 1120 716 Ε
1166 645 1200 715 0
1247 644 1279 716 tt
1324 647 1340 718 1
1388 648 1411 718 S
1484 635 1525 716 Χ.
1724 707 1729 712 .

590 777 646 830 est
669 779 753 850 quot
779 757 820 832 ab
844 782 887 830 eo
908 759 1072 836 beneficia
1093 760 1200 854 (97),
1225 763 1546 858 quotquestimulos
1567 755 1725 868 babuerit
1747 750 1793 825 sd
1819 751 1927 830 hanc,

532 863 537 875 ¹
592 877 742 972 aliasque
766 881 1185 973 interpretationes,quae
1208 907 1229 956 e
1253 908 1288 955 re
1315 885 1481 956 catholica
1503 899 1618 954 essent
1644 930 1654 963 ‚
1682 871 1922 948 conficiendas·
2040 937 2048 954 ,

594 994 682 1070 lllud
704 1000 960 1073 immortalitate
983 1003 1121 1094 dignum
1146 1005 1315 1098 ingenium
1333 1001 1517 1078 Ollariatri
1542 995 1763 1091 pantagathi,
1783 991 1842 1086 qui
1864 991 1929 1060 bo·¹

594 1119 703 1192 nitate
728 1145 860 1194 morum
885 1147 1073 1218 cognomen
1095 1125 1249 1209 invenit,
1272 1149 1292 1196 e
1317 1123 1444 1194 l'amilia
1467 1127 1648 1222 Servorum
1673 1119 1708 1186 B.
1744 1115 1796 1184 bl·
1816 1113 1857 1177 V.
1882 1132 1923 1181 ac

594 1240 706 1326 patria
730 1242 936 1330 Brixiensis,
959 1247 1055 1339 cujus
1079 1260 1169 1330 erat,
1193 1262 1232 1315 ut
1255 1245 1298 1316 de
1311 1267 1354 1316 eo
1370 1245 1419 1316 ait
1430 1243 1569 1314 Paullus
1584 1237 1781 1323 Manutius,
1806 1231 1927 1304 uum·

592 1360 686 1432 uitas
703 1362 869 1435 doctrinae
888 1385 971 1456 pur,
994 1364 1143 1435 doctrina
1162 1385 1242 1436 nero
1255 1387 1341 1461 quae
1349 1379 1481 1460 poterut
1496 1385 1569 1436 esre
1587 1359 1748 1445 mxima,
1765 1351 1916 1428 reducis*
1935 1421 1940 1429 ,

595 1478 757 1565 Parisiis,
773 1481 831 1552 ubi
845 1483 970 1554 divinis
984 1483 1105 1556 litteris
1120 1509 1256 1575 operam
1279 1485 1442 1564 dederat,
1465 1485 1619 1552 Romano
1644 1471 1928 1568 Archigymnasio

596 1600 751 1684 addixit,
771 1602 836 1673 diti
850 1600 1041 1674 sacerdotio
1058 1600 1231 1688 (Mazarae
1247 1607 1413 1678 abbatiam
1425 1603 1623 1689 vocabant)
1640 1600 1755 1682 auxit,
1772 1616 1811 1666 ac
1826 1593 1932 1666 vehe-

594 1739 724 1790 menter
740 1721 971 1796 inflammavit
997 1725 1039 1794 ad
1054 1723 1242 1795 catholicae
1257 1724 1425 1796 Ecclesiae
1438 1721 1711 1796 conscribendam
1724 1714 1923 1786 historiam.
2035 1761 2039 1770 -

594 1841 737 1911 Omnem
762 1839 1115 1934 enirnrantiquitatem
1138 1841 1210 1916 tum
1233 1867 1393 1930 sacram,
1418 1866 1491 1918 tum
1513 1842 1690 1933 profanam
1708 1837 1838 1927 optime
1861 1855 1926 1903 no·

545 2049 547 2054 Ι
591 1977 717 2034 serm.
740 1959 857 2055 Opus,
880 1962 972 2052 quod
1005 1963 1150 2054 jusserat
1181 1965 1270 2048 Leo,
1297 1962 1356 2034 illo
1388 1983 1523 2034 mortuo
1549 1961 1688 2053 abjecit,
1713 1979 1784 2028 non
1809 1953 1922 2026 solum

592 2079 678 2170 quia
701 2079 877 2172 negotium
905 2071 1020 2157 inultis
1045 2082 1242 2174 magnisque
1264 2079 1520 2154 difficultatibus
1553 2079 1775 2169 impeditum,
1805 2070 1923 2145 maxi·

593 2220 716 2290 tueque
747 2198 926 2272 molestum
958 2222 995 2275 se
1019 2201 1208 2292 suscepisse
1233 2199 1418 2286 intellexit,
1441 2181 1628 2278 sedetiam
1650 2195 1731 2292 quia
1754 2189 1922 2264 modestia
1964 2261 1965 2264 ,

595 2319 742 2410 quadarn
767 2344 787 2394 a
811 2321 1010 2411 prodeundo
1035 2324 1070 2398 in
1093 2322 1201 2396 lucem
1233 2322 1418 2414 refugiebat
1454 2320 1558 2410 (98).
1595 2315 1751 2388 Pontifici
1786 2313 1921 2406 quidem

593 2442 705 2530 maists
730 2441 831 2518 tribui
854 2467 978 2516 mutuas
1003 2443 1132 2516 nullum
1146 2460 1300 2534 poterat,
1323 2464 1424 2532 quam
1439 2439 1601 2530 scriptum
1626 2435 1763 2529 aliquod
1786 2457 1846 2523 pro
1864 2457 1923 2510 ca·
1968 2467 1975 2480 ·

591 2560 726 2634 thelica
748 2561 930 2654 religione,
955 2569 989 2636 br
1013 2565 1098 2650 hoc,
1130 2583 1218 2636 teste
1256 2561 1426 2656 Raphaele
1460 2559 1701 2646 Brandolinio,
1742 2555 1920 2650 diligenter

570 2681 805 2774 perlegebat,
830 2685 970 2758 mirifice
991 2687 1265 2768 commendabat,
1289 2691 1323 2756 dr
1346 2681 1518 2776 beneficiis
1542 2679 1834 2756 remunerabatur.
1851 2675 1920 2747 Ad·

589 2801 729 2878 bibebat
753 2829 835 2878 vero
860 2829 1002 2892 cutam,
1027 2806 1309 2899 quemadmodum
1333 2803 1414 2875 alibi
1438 2826 1575 2896 quoque
1599 2803 1799 2880 innuimus,
1821 2799 1918 2877 utin

589 2921 755 3014 religiosis
781 2923 928 3026 familiis!
942 2903 1012 2996 non
1036 2928 1137 2996 modo
1161 2927 1468 3004 confirmarentur,
1506 2920 1568 3000 sed
1589 2922 1690 3002 etiam
1714 2939 1920 3010 augerentur

588 3041 785 3116 divinarunt
808 3043 997 3116 litterarum
1020 3047 1134 3118 studia
1157 3072 1235 3118 cum
1260 3065 1335 3126 tota
1356 3043 1429 3118 illa
1466 3040 1697 3132 supelledile,
1729 3059 1818 3130 quae
1859 3035 1918 3108 illa

587 3184 661 3241 non
685 3163 796 3242 solum
822 3187 963 3248 ornare,
988 3166 1048 3236 sed
1071 3167 1172 3248 etiarn
1194 3166 1366 3247 illustrare
1396 3183 1555 3256 poterat,·
1580 3165 1612 3228 dt
1635 3177 1755 3234 extant
1789 3157 1917 3248 episto·
1953 3153 1956 3156 ’

585 3283 639 3366 lae
661 3281 751 3354 illius
774 3284 818 3362 ,ad
843 3285 1163 3374 Augustinianorum
1187 3283 1426 3371 Pessimum,
1451 3284 1571 3376 quibus
1622 3279 1915 3352 vehementissime

585 3402 682 3476 illurn
709 3423 831 3496 rogat,
852 3423 891 3482 ut
914 3405 1075 3502 quopiam
1096 3429 1197 3486 sacra
1222 3407 1405 3498 religioque
1429 3407 1470 3482 ab
1494 3405 1631 3478 bomine
1653 3401 1743 3479 illius
1769 3397 1914 3478 familiae

587 3521 769 3613 plurimum
795 3521 922 3600 violata
946 3543 1064 3606 erant,
1087 3527 1181 3596 omni
1199 3549 1272 3617 ope
1294 3547 1452 3608 curaret,
1477 3544 1516 3596 ut
1542 3549 1600 3614 per
1624 3523 1793 3614 sapientes
1819 3524 1915 3612 eius-

587 3641 665 3714 dem
689 3641 835 3716 samiliae
860 3644 951 3714 viros
975 3644 1116 3718 uulnera
1147 3644 1243 3716 illata
1269 3665 1496 3720 sanarentur.
1519 3647 1632 3737 Quam
1672 3623 1812 3732 paterne
1844 3663 1915 3717 ama

587 3761 708 3858 plexus
735 3780 814 3846 est,
840 3765 974 3855 quantis
998 3766 1134 3838 ornavit
1169 3764 1338 3842 benefimis
1377 3765 1522 3836 Felicem
1559 3789 1580 3838 a
1611 3767 1744 3848 Prato,
1780 3763 1841 3854 qni
1877 3763 1914 3836 itt

586 3883 727 3956 edendis
752 3881 876 3954 divinis
900 3881 992 3954 libris
1018 3881 1187 3973 Hebraice,
1206 3885 1352 3958 exaratis
1373 3873 1446 3965 ,δι-
1466 3885 1502 3956 in
1527 3884 1772 3975 perpendendis
1809 3885 1914 3958 Rabi-

569 4024 707 4080 norum
734 3999 914 4074 illustrium
939 4001 1274 4090 interpretationibus
1299 3999 1439 4076 multam
1462 4008 1497 4076 tr
1519 4003 1810 4096 diligentissimam
1835 4026 1914 4093 ope·

580 4149 656 4198 ram
680 4125 889 4224 consumpsit
907 4118 1009 4214 (pqll
1036 4125 1116 4192 Erat
1136 4119 1193 4193 ille
1216 4121 1350 4214 quidem
1371 4123 1615 4196 eruditissimus
1635 4131 1666 4194 a<
1688 4126 1848 4214 sapiens,
1873 4143 1913 4201 ut
2014 4133 2016 4138 '

582 4242 646 4334 qui
668 4242 710 4311 ab
735 4265 776 4313 eo
801 4260 979 4333 tempore,
1003 4265 1073 4334 quo
1097 4241 1327 4314 Hebraeorum
1350 4261 1463 4316 castra
1487 4241 1659 4324 deseruit,
1695 4244 1784 4315 duce
1809 4245 1912 4336 Aegi·

582 4361 643 4442 dio
670 4360 881 4438 viterbiensis
903 4382 1011 4434 totum
1037 4386 1073 4436 se
1095 4361 1270 4434 dediderat
1293 4363 1741 4455 sacrisibutnanioribusque
1766 4362 1913 4438 litteris.

582 4477 728 4558 curauit
744 4485 840 4566 Leo,
863 4497 902 4555 ut
922 4479 951 4552 is
975 4471 1147 4569 venetiis,
1168 4480 1226 4562 ubi
1247 4479 1311 4566 diu
1331 4481 1402 4560 fuit
1415 4483 1663 4580 Bombergieusi
1684 4459 1912 4576 typographio

584 4599 586 4604 ·
1767 4597 1863 4676 prae·
