<?xml version="1.0" encoding="UTF-8"?>
<!DOCTYPE html PUBLIC "-//W3C//DTD XHTML 1.0 Transitional//EN"
    "http://www.w3.org/TR/xhtml1/DTD/xhtml1-transitional.dtd">
<html xmlns="http://www.w3.org/1999/xhtml" xml:lang="en" lang="en">
 <head>
  <title>
</title>
<meta http-equiv="Content-Type" content="text/html;charset=utf-8" />
  <meta name='ocr-system' content='tesseract 3.04.00' />
  <meta name='ocr-capabilities' content='ocr_page ocr_carea ocr_par ocr_line ocrx_word'/>
</head>
<body>
  <div class='ocr_page' id='page_1' title='image "./leonisxpontific00fabrgoog_0159.png"; bbox 0 0 4386 5838; ppageno 0'>
   <div class='ocr_carea' id='block_1_1' title="bbox 204 694 1704 4648">
    <p class='ocr_par' dir='ltr' id='par_1_1' title="bbox 204 694 1704 4648">
     <span class='ocr_line' id='line_1_1' title="bbox 690 694 1548 778; baseline 0.015 -13"><span class='ocrx_word' id='word_1_1' title='bbox 690 697 722 765; x_wconf 75' lang='lat' dir='ltr'>V</span> <span class='ocrx_word' id='word_1_2' title='bbox 818 697 834 768; x_wconf 94' lang='lat' dir='ltr'><strong>l</strong></span> <span class='ocrx_word' id='word_1_3' title='bbox 932 696 963 770; x_wconf 86' lang='grc' dir='ltr'><strong>Τ</strong></span> <span class='ocrx_word' id='word_1_4' title='bbox 1059 694 1090 766; x_wconf 86' lang='grc' dir='ltr'><strong>Α</strong></span> <span class='ocrx_word' id='word_1_5' title='bbox 1484 703 1548 778; x_wconf 79' lang='lat'><strong>¹5¹</strong></span> 
     </span>
     <span class='ocr_line' id='line_1_2' title="bbox 271 813 1704 911; baseline -0.006 -19"><span class='ocrx_word' id='word_1_6' title='bbox 271 827 347 892; x_wconf 78' lang='lat' dir='ltr'><strong>uem</strong></span> <span class='ocrx_word' id='word_1_7' title='bbox 374 817 497 890; x_wconf 87' lang='lat' dir='ltr'><strong>ameris</strong></span> <span class='ocrx_word' id='word_1_8' title='bbox 524 821 557 892; x_wconf 71' lang='grc' dir='ltr'><strong>δι</strong></span> <span class='ocrx_word' id='word_1_9' title='bbox 583 816 688 889; x_wconf 86' lang='lat' dir='ltr'><strong>studii</strong></span> <span class='ocrx_word' id='word_1_10' title='bbox 714 818 887 890; x_wconf 84' lang='lat' dir='ltr'><strong>Francisci</strong></span> <span class='ocrx_word' id='word_1_11' title='bbox 923 820 1021 911; x_wconf 87' lang='lat' dir='ltr'><strong>Regis</strong></span> <span class='ocrx_word' id='word_1_12' title='bbox 1061 820 1096 888; x_wconf 90' lang='lat' dir='ltr'><strong>in</strong></span> <span class='ocrx_word' id='word_1_13' title='bbox 1122 813 1315 888; x_wconf 74' lang='lat' dir='ltr'><strong>Pontificem</strong></span> <span class='ocrx_word' id='word_1_14' title='bbox 1338 813 1491 892; x_wconf 81' lang='lat' dir='ltr'><strong>litterae,</strong></span> <span class='ocrx_word' id='word_1_15' title='bbox 1526 833 1598 884; x_wconf 76' lang='lat' dir='ltr'><strong>turc</strong></span> <span class='ocrx_word' id='word_1_16' title='bbox 1701 897 1704 904; x_wconf 24' lang='grc' dir='ltr'>Ι</span> 
     </span>
     <span class='ocr_line' id='line_1_3' title="bbox 269 922 1601 1029; baseline -0.005 -21"><span class='ocrx_word' id='word_1_17' title='bbox 269 939 403 1011; x_wconf 86' lang='lat' dir='ltr'><strong>Dovitii</strong></span> <span class='ocrx_word' id='word_1_18' title='bbox 427 922 638 1020; x_wconf 89' lang='lat' dir='ltr'><strong>Cardinalis,</strong></span> <span class='ocrx_word' id='word_1_19' title='bbox 662 958 733 1008; x_wconf 92' lang='lat' dir='ltr'><strong>tum</strong></span> <span class='ocrx_word' id='word_1_20' title='bbox 758 939 921 1010; x_wconf 87' lang='lat' dir='ltr'><strong>Ludovici</strong></span> <span class='ocrx_word' id='word_1_21' title='bbox 947 943 1142 1019; x_wconf 90' lang='lat' dir='ltr'><strong>Canossae‚</strong></span> <span class='ocrx_word' id='word_1_22' title='bbox 1166 959 1251 1029; x_wconf 90' lang='lat' dir='ltr'><strong>quos</strong></span> <span class='ocrx_word' id='word_1_23' title='bbox 1282 937 1324 1006; x_wconf 83' lang='lat' dir='ltr'><strong>ad</strong></span> <span class='ocrx_word' id='word_1_24' title='bbox 1354 957 1430 1005; x_wconf 88' lang='lat' dir='ltr'><strong>eum</strong></span> <span class='ocrx_word' id='word_1_25' title='bbox 1455 935 1601 1024; x_wconf 78' lang='lat' dir='ltr'><strong>Legatos</strong></span> 
     </span>
     <span class='ocr_line' id='line_1_4' title="bbox 270 1055 1601 1152; baseline -0.005 -21"><span class='ocrx_word' id='word_1_26' title='bbox 270 1061 430 1132; x_wconf 79' lang='lat' dir='ltr'><strong>miserat!</strong></span> <span class='ocrx_word' id='word_1_27' title='bbox 454 1055 560 1152; x_wconf 69' lang='grc' dir='ltr'><strong>(ῃ).</strong></span> <span class='ocrx_word' id='word_1_28' title='bbox 586 1063 658 1130; x_wconf 83' lang='lat' dir='ltr'><strong>Rex</strong></span> <span class='ocrx_word' id='word_1_29' title='bbox 682 1062 751 1150; x_wconf 90' lang='lat' dir='ltr'><strong>ipse</strong></span> <span class='ocrx_word' id='word_1_30' title='bbox 776 1067 808 1132; x_wconf 77' lang='lat' dir='ltr'><strong>er</strong></span> <span class='ocrx_word' id='word_1_31' title='bbox 844 1061 972 1151; x_wconf 87' lang='lat' dir='ltr'><strong>Regina</strong></span> <span class='ocrx_word' id='word_1_32' title='bbox 997 1061 1137 1128; x_wconf 85' lang='lat' dir='ltr'>Romam</span> <span class='ocrx_word' id='word_1_33' title='bbox 1173 1057 1392 1148; x_wconf 82' lang='lat' dir='ltr'>cogitabant,</span> <span class='ocrx_word' id='word_1_34' title='bbox 1428 1056 1520 1147; x_wconf 89' lang='lat' dir='ltr'><strong>quod</strong></span> <span class='ocrx_word' id='word_1_35' title='bbox 1558 1077 1601 1126; x_wconf 89' lang='lat' dir='ltr'><strong>ne</strong></span> 
     </span>
     <span class='ocr_line' id='line_1_5' title="bbox 204 1177 1601 1280; baseline -0.004 -27"><span class='ocrx_word' id='word_1_36' title='bbox 204 1277 206 1280; x_wconf 15' lang='grc' dir='ltr'>Ι</span> <span class='ocrx_word' id='word_1_37' title='bbox 270 1179 422 1254; x_wconf 85' lang='lat' dir='ltr'><strong>facerent</strong></span> <span class='ocrx_word' id='word_1_38' title='bbox 445 1202 643 1274; x_wconf 83' lang='lat' dir='ltr'><strong>magnopere</strong></span> <span class='ocrx_word' id='word_1_39' title='bbox 666 1180 840 1250; x_wconf 86' lang='lat' dir='ltr'><strong>Pontificis</strong></span> <span class='ocrx_word' id='word_1_40' title='bbox 865 1184 1046 1250; x_wconf 83' lang='lat' dir='ltr'><strong>intererat.</strong></span> <span class='ocrx_word' id='word_1_41' title='bbox 1071 1179 1192 1250; x_wconf 86' lang='lat' dir='ltr'><strong>Utilius</strong></span> <span class='ocrx_word' id='word_1_42' title='bbox 1227 1196 1347 1267; x_wconf 87' lang='lat' dir='ltr'><strong>postea</strong></span> <span class='ocrx_word' id='word_1_43' title='bbox 1380 1177 1443 1246; x_wconf 87' lang='lat' dir='ltr'><strong>sibi</strong></span> <span class='ocrx_word' id='word_1_44' title='bbox 1468 1178 1601 1266; x_wconf 86' lang='lat' dir='ltr'><strong>putavit</strong></span> 
     </span>
     <span class='ocr_line' id='line_1_6' title="bbox 268 1297 1600 1392; baseline -0.004 -22"><span class='ocrx_word' id='word_1_45' title='bbox 268 1303 471 1372; x_wconf 80' lang='lat' dir='ltr'><strong>Franciscus</strong></span> <span class='ocrx_word' id='word_1_46' title='bbox 493 1302 653 1392; x_wconf 82' lang='lat' dir='ltr'><strong>congredi</strong></span> <span class='ocrx_word' id='word_1_47' title='bbox 677 1325 752 1373; x_wconf 92' lang='lat' dir='ltr'><strong>cum</strong></span> <span class='ocrx_word' id='word_1_48' title='bbox 778 1301 971 1370; x_wconf 82' lang='lat' dir='ltr'><strong>Britanniae</strong></span> <span class='ocrx_word' id='word_1_49' title='bbox 997 1302 1104 1389; x_wconf 87' lang='lat' dir='ltr'><strong>Rege,</strong></span> <span class='ocrx_word' id='word_1_50' title='bbox 1129 1321 1216 1388; x_wconf 90' lang='lat' dir='ltr'><strong>quae</strong></span> <span class='ocrx_word' id='word_1_51' title='bbox 1231 1297 1428 1388; x_wconf 81' lang='lat' dir='ltr'><strong>congressio</strong></span> <span class='ocrx_word' id='word_1_52' title='bbox 1445 1319 1600 1388; x_wconf 87' lang='lat' dir='ltr'><strong>magnam</strong></span> 
     </span>
     <span class='ocr_line' id='line_1_7' title="bbox 269 1417 1599 1512; baseline -0.005 -19"><span class='ocrx_word' id='word_1_53' title='bbox 269 1423 408 1494; x_wconf 82' lang='lat' dir='ltr'><strong>Caesari</strong></span> <span class='ocrx_word' id='word_1_54' title='bbox 433 1422 658 1512; x_wconf 78' lang='lat' dir='ltr'><strong>suspicionem</strong></span> <span class='ocrx_word' id='word_1_55' title='bbox 684 1422 894 1492; x_wconf 79' lang='lat' dir='ltr'><strong>commovit.</strong></span> <span class='ocrx_word' id='word_1_56' title='bbox 918 1420 973 1490; x_wconf 93' lang='lat' dir='ltr'><strong>Nil</strong></span> <span class='ocrx_word' id='word_1_57' title='bbox 999 1421 1088 1490; x_wconf 89' lang='lat' dir='ltr'><strong>enim</strong></span> <span class='ocrx_word' id='word_1_58' title='bbox 1114 1437 1183 1489; x_wconf 89' lang='lat' dir='ltr'><strong>tam</strong></span> <span class='ocrx_word' id='word_1_59' title='bbox 1207 1417 1409 1496; x_wconf 87' lang='lat' dir='ltr'><strong>verebatur,</strong></span> <span class='ocrx_word' id='word_1_60' title='bbox 1433 1437 1531 1507; x_wconf 90' lang='lat' dir='ltr'><strong>quam</strong></span> <span class='ocrx_word' id='word_1_61' title='bbox 1555 1437 1599 1486; x_wconf 88' lang='lat' dir='ltr'><strong>ne</strong></span> 
     </span>
     <span class='ocr_line' id='line_1_8' title="bbox 269 1535 1604 1634; baseline -0.004 -21"><span class='ocrx_word' id='word_1_62' title='bbox 269 1544 345 1634; x_wconf 90' lang='lat' dir='ltr'><strong>quis</strong></span> <span class='ocrx_word' id='word_1_63' title='bbox 373 1565 449 1612; x_wconf 83' lang='lat' dir='ltr'><strong>cum</strong></span> <span class='ocrx_word' id='word_1_64' title='bbox 474 1565 517 1614; x_wconf 90' lang='lat' dir='ltr'><strong>eo</strong></span> <span class='ocrx_word' id='word_1_65' title='bbox 557 1543 600 1613; x_wconf 92' lang='lat' dir='ltr'><strong>ad</strong></span> <span class='ocrx_word' id='word_1_66' title='bbox 631 1565 692 1614; x_wconf 92' lang='lat' dir='ltr'><strong>sua</strong></span> <span class='ocrx_word' id='word_1_67' title='bbox 730 1541 881 1634; x_wconf 90' lang='lat' dir='ltr'><strong>pericula</strong></span> <span class='ocrx_word' id='word_1_68' title='bbox 919 1539 1087 1632; x_wconf 74' lang='lat' dir='ltr'><strong>padliones</strong></span> <span class='ocrx_word' id='word_1_69' title='bbox 1111 1539 1363 1629; x_wconf 80' lang='lat' dir='ltr'><strong>societatesque</strong></span> <span class='ocrx_word' id='word_1_70' title='bbox 1404 1535 1604 1610; x_wconf 82' lang='lat' dir='ltr'><strong>conflaret.</strong></span> 
     </span>
     <span class='ocr_line' id='line_1_9' title="bbox 270 1653 1608 1754; baseline -0.006 -20"><span class='ocrx_word' id='word_1_71' title='bbox 270 1661 432 1734; x_wconf 78' lang='lat' dir='ltr'><strong>Pontifex</strong></span> <span class='ocrx_word' id='word_1_72' title='bbox 458 1663 588 1734; x_wconf 90' lang='lat' dir='ltr'><strong>interea</strong></span> <span class='ocrx_word' id='word_1_73' title='bbox 613 1664 749 1754; x_wconf 90' lang='lat' dir='ltr'><strong>Legatis</strong></span> <span class='ocrx_word' id='word_1_74' title='bbox 775 1665 843 1733; x_wconf 92' lang='lat' dir='ltr'><strong>suis</strong></span> <span class='ocrx_word' id='word_1_75' title='bbox 867 1662 1040 1753; x_wconf 88' lang='lat' dir='ltr'><strong>negotium</strong></span> <span class='ocrx_word' id='word_1_76' title='bbox 1064 1659 1181 1745; x_wconf 86' lang='lat' dir='ltr'><strong>dedit,</strong></span> <span class='ocrx_word' id='word_1_77' title='bbox 1206 1679 1246 1729; x_wconf 93' lang='lat' dir='ltr'><strong>ut</strong></span> <span class='ocrx_word' id='word_1_78' title='bbox 1270 1657 1486 1747; x_wconf 76' lang='lat' dir='ltr'><strong>explorarent</strong></span> <span class='ocrx_word' id='word_1_79' title='bbox 1527 1653 1608 1750; x_wconf 84' lang='lat' dir='ltr'><strong>quid</strong></span> 
     </span>
     <span class='ocr_line' id='line_1_10' title="bbox 274 1778 1609 1874; baseline -0.006 -18"><span class='ocrx_word' id='word_1_80' title='bbox 274 1783 418 1856; x_wconf 85' lang='lat' dir='ltr'><strong>sentiret</strong></span> <span class='ocrx_word' id='word_1_81' title='bbox 443 1785 516 1852; x_wconf 85' lang='lat' dir='ltr'><strong>Rex</strong></span> <span class='ocrx_word' id='word_1_82' title='bbox 540 1785 583 1853; x_wconf 91' lang='lat' dir='ltr'><strong>de</strong></span> <span class='ocrx_word' id='word_1_83' title='bbox 606 1783 761 1874; x_wconf 86' lang='lat' dir='ltr'><strong>quaesita</strong></span> <span class='ocrx_word' id='word_1_84' title='bbox 795 1782 856 1852; x_wconf 90' lang='lat' dir='ltr'><strong>sibi</strong></span> <span class='ocrx_word' id='word_1_85' title='bbox 882 1783 1086 1851; x_wconf 89' lang='lat' dir='ltr'><strong>Mutinensis</strong></span> <span class='ocrx_word' id='word_1_86' title='bbox 1111 1785 1262 1850; x_wconf 86' lang='lat' dir='ltr'><strong>Ducatus</strong></span> <span class='ocrx_word' id='word_1_87' title='bbox 1288 1778 1502 1867; x_wconf 84' lang='lat' dir='ltr'><strong>possessione</strong></span> <span class='ocrx_word' id='word_1_88' title='bbox 1529 1823 1540 1857; x_wconf 94' lang='lat'><strong>,</strong></span> <span class='ocrx_word' id='word_1_89' title='bbox 1574 1780 1609 1848; x_wconf 76' lang='lat' dir='ltr'><strong>dt</strong></span> 
     </span>
     <span class='ocr_line' id='line_1_11' title="bbox 273 1896 1606 1992; baseline -0.003 -18"><span class='ocrx_word' id='word_1_90' title='bbox 273 1925 355 1974; x_wconf 89' lang='lat' dir='ltr'><strong>num</strong></span> <span class='ocrx_word' id='word_1_91' title='bbox 380 1927 455 1992; x_wconf 91' lang='lat' dir='ltr'><strong>spes</strong></span> <span class='ocrx_word' id='word_1_92' title='bbox 480 1901 549 1973; x_wconf 89' lang='lat' dir='ltr'><strong>ulla</strong></span> <span class='ocrx_word' id='word_1_93' title='bbox 573 1923 663 1974; x_wconf 87' lang='lat' dir='ltr'><strong>esset</strong></span> <span class='ocrx_word' id='word_1_94' title='bbox 688 1901 910 1992; x_wconf 89' lang='lat' dir='ltr'><strong>recuperandi</strong></span> <span class='ocrx_word' id='word_1_95' title='bbox 934 1906 1084 1971; x_wconf 86' lang='lat' dir='ltr'><strong>Parmam</strong></span> <span class='ocrx_word' id='word_1_96' title='bbox 1115 1904 1149 1970; x_wconf 73' lang='lat' dir='ltr'><strong>St</strong></span> <span class='ocrx_word' id='word_1_97' title='bbox 1184 1896 1409 1970; x_wconf 81' lang='lat' dir='ltr'><strong>Placentiam.</strong></span> <span class='ocrx_word' id='word_1_98' title='bbox 1434 1899 1527 1970; x_wconf 85' lang='lat' dir='ltr'><strong>Haec</strong></span> <span class='ocrx_word' id='word_1_99' title='bbox 1551 1917 1606 1970; x_wconf 81' lang='lat' dir='ltr'><strong>tes</strong></span> 
     </span>
     <span class='ocr_line' id='line_1_12' title="bbox 274 2021 1607 2116; baseline -0.004 -22"><span class='ocrx_word' id='word_1_100' title='bbox 274 2023 350 2094; x_wconf 87' lang='lat' dir='ltr'><strong>dies</strong></span> <span class='ocrx_word' id='word_1_101' title='bbox 376 2023 555 2116; x_wconf 76' lang='lat' dir='ltr'><strong>neclesque</strong></span> <span class='ocrx_word' id='word_1_102' title='bbox 579 2023 670 2095; x_wconf 92' lang='lat' dir='ltr'><strong>illum</strong></span> <span class='ocrx_word' id='word_1_103' title='bbox 695 2023 920 2105; x_wconf 76' lang='lat' dir='ltr'><strong>sollicitabat,</strong></span> <span class='ocrx_word' id='word_1_104' title='bbox 940 2021 1092 2113; x_wconf 89' lang='lat' dir='ltr'><strong>nihilque</strong></span> <span class='ocrx_word' id='word_1_105' title='bbox 1117 2039 1185 2092; x_wconf 90' lang='lat' dir='ltr'><strong>tam</strong></span> <span class='ocrx_word' id='word_1_106' title='bbox 1217 2021 1394 2109; x_wconf 88' lang='lat' dir='ltr'><strong>cupiebat,</strong></span> <span class='ocrx_word' id='word_1_107' title='bbox 1432 2041 1533 2110; x_wconf 83' lang='lat' dir='ltr'><strong>quant</strong></span> <span class='ocrx_word' id='word_1_108' title='bbox 1568 2036 1607 2092; x_wconf 90' lang='lat' dir='ltr'><strong>ut</strong></span> 
     </span>
     <span class='ocr_line' id='line_1_13' title="bbox 276 2137 1609 2235; baseline 0 -21"><span class='ocrx_word' id='word_1_109' title='bbox 276 2143 457 2235; x_wconf 86' lang='lat' dir='ltr'><strong>aliquando</strong></span> <span class='ocrx_word' id='word_1_110' title='bbox 483 2143 580 2214; x_wconf 89' lang='lat' dir='ltr'><strong>Italia</strong></span> <span class='ocrx_word' id='word_1_111' title='bbox 605 2145 750 2215; x_wconf 84' lang='lat' dir='ltr'><strong>externis</strong></span> <span class='ocrx_word' id='word_1_112' title='bbox 775 2142 918 2214; x_wconf 89' lang='lat' dir='ltr'><strong>dominis</strong></span> <span class='ocrx_word' id='word_1_113' title='bbox 949 2142 1171 2212; x_wconf 87' lang='lat' dir='ltr'><strong>liberaretur.</strong></span> <span class='ocrx_word' id='word_1_114' title='bbox 1195 2143 1227 2210; x_wconf 91' lang='lat' dir='ltr'><strong>ls</strong></span> <span class='ocrx_word' id='word_1_115' title='bbox 1252 2140 1310 2212; x_wconf 92' lang='lat' dir='ltr'><strong>ubi</strong></span> <span class='ocrx_word' id='word_1_116' title='bbox 1335 2141 1476 2231; x_wconf 88' lang='lat' dir='ltr'><strong>primum</strong></span> <span class='ocrx_word' id='word_1_117' title='bbox 1517 2137 1609 2214; x_wconf 81' lang='lat' dir='ltr'><strong>fama</strong></span> 
     </span>
     <span class='ocr_line' id='line_1_14' title="bbox 276 2257 1612 2355; baseline -0.003 -21"><span class='ocrx_word' id='word_1_118' title='bbox 276 2262 409 2348; x_wconf 83' lang='lat' dir='ltr'><strong>accepit</strong></span> <span class='ocrx_word' id='word_1_119' title='bbox 435 2263 513 2332; x_wconf 88' lang='lat' dir='ltr'><strong>odia</strong></span> <span class='ocrx_word' id='word_1_120' title='bbox 536 2313 546 2344; x_wconf 92' lang='lat'><strong>,</strong></span> <span class='ocrx_word' id='word_1_121' title='bbox 569 2289 655 2355; x_wconf 91' lang='lat' dir='ltr'><strong>quae</strong></span> <span class='ocrx_word' id='word_1_122' title='bbox 679 2283 775 2336; x_wconf 90' lang='lat' dir='ltr'><strong>erant</strong></span> <span class='ocrx_word' id='word_1_123' title='bbox 800 2266 887 2334; x_wconf 90' lang='lat' dir='ltr'><strong>inter</strong></span> <span class='ocrx_word' id='word_1_124' title='bbox 914 2261 1133 2336; x_wconf 86' lang='lat' dir='ltr'><strong>Franciscum</strong></span> <span class='ocrx_word' id='word_1_125' title='bbox 1157 2267 1191 2331; x_wconf 77' lang='grc' dir='ltr'><strong>δι</strong></span> <span class='ocrx_word' id='word_1_126' title='bbox 1216 2257 1399 2343; x_wconf 90' lang='lat' dir='ltr'><strong>Carolum,</strong></span> <span class='ocrx_word' id='word_1_127' title='bbox 1437 2259 1473 2330; x_wconf 90' lang='lat' dir='ltr'><strong>in</strong></span> <span class='ocrx_word' id='word_1_128' title='bbox 1516 2281 1612 2347; x_wconf 81' lang='lat' dir='ltr'><strong>aper·</strong></span> 
     </span>
     <span class='ocr_line' id='line_1_15' title="bbox 275 2377 1610 2473; baseline 0.001 -25"><span class='ocrx_word' id='word_1_129' title='bbox 275 2397 348 2450; x_wconf 92' lang='lat' dir='ltr'><strong>tum</strong></span> <span class='ocrx_word' id='word_1_130' title='bbox 370 2381 493 2452; x_wconf 89' lang='lat' dir='ltr'><strong>bellum</strong></span> <span class='ocrx_word' id='word_1_131' title='bbox 519 2386 551 2450; x_wconf 74' lang='grc' dir='ltr'><strong>δι</strong></span> <span class='ocrx_word' id='word_1_132' title='bbox 576 2386 610 2454; x_wconf 88' lang='lat' dir='ltr'><strong>in</strong></span> <span class='ocrx_word' id='word_1_133' title='bbox 636 2387 813 2472; x_wconf 90' lang='lat' dir='ltr'><strong>perniciem</strong></span> <span class='ocrx_word' id='word_1_134' title='bbox 839 2383 954 2455; x_wconf 87' lang='lat' dir='ltr'><strong>ltaliae</strong></span> <span class='ocrx_word' id='word_1_135' title='bbox 977 2400 1165 2473; x_wconf 88' lang='lat' dir='ltr'><strong>eruptura,</strong></span> <span class='ocrx_word' id='word_1_136' title='bbox 1189 2379 1247 2452; x_wconf 92' lang='lat' dir='ltr'><strong>diu</strong></span> <span class='ocrx_word' id='word_1_137' title='bbox 1275 2401 1397 2468; x_wconf 88' lang='lat' dir='ltr'><strong>anceps</strong></span> <span class='ocrx_word' id='word_1_138' title='bbox 1436 2377 1500 2450; x_wconf 89' lang='lat' dir='ltr'><strong>fuit</strong></span> <span class='ocrx_word' id='word_1_139' title='bbox 1526 2377 1610 2472; x_wconf 86' lang='lat' dir='ltr'><strong>quid</strong></span> 
     </span>
     <span class='ocr_line' id='line_1_16' title="bbox 275 2500 1611 2592; baseline 0.007 -24"><span class='ocrx_word' id='word_1_140' title='bbox 275 2500 412 2571; x_wconf 89' lang='lat' dir='ltr'><strong>consilii</strong></span> <span class='ocrx_word' id='word_1_141' title='bbox 437 2527 593 2591; x_wconf 87' lang='lat' dir='ltr'><strong>caperet.</strong></span> <span class='ocrx_word' id='word_1_142' title='bbox 619 2509 695 2577; x_wconf 86' lang='lat' dir='ltr'><strong>Non</strong></span> <span class='ocrx_word' id='word_1_143' title='bbox 731 2509 840 2576; x_wconf 90' lang='lat' dir='ltr'><strong>minus</strong></span> <span class='ocrx_word' id='word_1_144' title='bbox 875 2504 967 2575; x_wconf 88' lang='lat' dir='ltr'><strong>enim</strong></span> <span class='ocrx_word' id='word_1_145' title='bbox 1004 2500 1230 2592; x_wconf 89' lang='lat' dir='ltr'><strong>periculosum</strong></span> <span class='ocrx_word' id='word_1_146' title='bbox 1271 2521 1345 2572; x_wconf 88' lang='lat' dir='ltr'><strong>esse</strong></span> <span class='ocrx_word' id='word_1_147' title='bbox 1385 2501 1611 2577; x_wconf 82' lang='lat' dir='ltr'><strong>arbitrabatur</strong></span> 
     </span>
     <span class='ocr_line' id='line_1_17' title="bbox 275 2623 1613 2715; baseline 0.003 -25"><span class='ocrx_word' id='word_1_148' title='bbox 275 2641 430 2694; x_wconf 88' lang='lat' dir='ltr'><strong>neutram</strong></span> <span class='ocrx_word' id='word_1_149' title='bbox 457 2623 492 2693; x_wconf 93' lang='lat' dir='ltr'><strong>in</strong></span> <span class='ocrx_word' id='word_1_150' title='bbox 518 2643 647 2712; x_wconf 90' lang='lat' dir='ltr'><strong>partem</strong></span> <span class='ocrx_word' id='word_1_151' title='bbox 672 2624 862 2710; x_wconf 87' lang='lat' dir='ltr'><strong>inclinare,</strong></span> <span class='ocrx_word' id='word_1_152' title='bbox 887 2647 1015 2715; x_wconf 88' lang='lat' dir='ltr'><strong>suaque</strong></span> <span class='ocrx_word' id='word_1_153' title='bbox 1041 2646 1101 2712; x_wconf 90' lang='lat' dir='ltr'><strong>pro</strong></span> <span class='ocrx_word' id='word_1_154' title='bbox 1127 2623 1257 2694; x_wconf 89' lang='lat' dir='ltr'><strong>viribus</strong></span> <span class='ocrx_word' id='word_1_155' title='bbox 1281 2623 1484 2706; x_wconf 86' lang='lat' dir='ltr'><strong>defendere,</strong></span> <span class='ocrx_word' id='word_1_156' title='bbox 1510 2645 1613 2714; x_wconf 87' lang='lat' dir='ltr'><strong>quam</strong></span> 
     </span>
     <span class='ocr_line' id='line_1_18' title="bbox 274 2741 1613 2839; baseline 0.004 -27"><span class='ocrx_word' id='word_1_157' title='bbox 274 2741 334 2812; x_wconf 85' lang='lat' dir='ltr'><strong>uni</strong></span> <span class='ocrx_word' id='word_1_158' title='bbox 359 2765 395 2814; x_wconf 89' lang='lat' dir='ltr'><strong>se</strong></span> <span class='ocrx_word' id='word_1_159' title='bbox 422 2743 600 2839; x_wconf 90' lang='lat' dir='ltr'><strong>adjungere</strong></span> <span class='ocrx_word' id='word_1_160' title='bbox 615 2745 632 2813; x_wconf 82' lang='lat'><strong>.&#39;</strong></span> <span class='ocrx_word' id='word_1_161' title='bbox 648 2744 752 2836; x_wconf 90' lang='lat' dir='ltr'><strong>Quod</strong></span> <span class='ocrx_word' id='word_1_162' title='bbox 777 2744 800 2814; x_wconf 94' lang='lat' dir='ltr'><strong>ii</strong></span> <span class='ocrx_word' id='word_1_163' title='bbox 825 2769 887 2814; x_wconf 87' lang='lat' dir='ltr'><strong>sua</strong></span> <span class='ocrx_word' id='word_1_164' title='bbox 912 2744 1022 2835; x_wconf 88' lang='lat' dir='ltr'><strong>magni</strong></span> <span class='ocrx_word' id='word_1_165' title='bbox 1064 2745 1226 2814; x_wconf 86' lang='lat' dir='ltr'><strong>interesse</strong></span> <span class='ocrx_word' id='word_1_166' title='bbox 1261 2747 1433 2835; x_wconf 87' lang='lat' dir='ltr'><strong>putabant</strong></span> <span class='ocrx_word' id='word_1_167' title='bbox 1464 2744 1613 2818; x_wconf 75' lang='lat' dir='ltr'><strong>subsidia</strong></span> 
     </span>
     <span class='ocr_line' id='line_1_19' title="bbox 275 2861 1614 2954; baseline 0.001 -21"><span class='ocrx_word' id='word_1_168' title='bbox 275 2861 337 2933; x_wconf 80' lang='lat' dir='ltr'><strong>sibi</strong></span> <span class='ocrx_word' id='word_1_169' title='bbox 364 2883 561 2950; x_wconf 87' lang='lat' dir='ltr'><strong>comparare</strong></span> <span class='ocrx_word' id='word_1_170' title='bbox 586 2863 783 2935; x_wconf 89' lang='lat' dir='ltr'><strong>Italicorum</strong></span> <span class='ocrx_word' id='word_1_171' title='bbox 808 2863 1021 2953; x_wconf 82' lang='lat' dir='ltr'><strong>Principum,</strong></span> <span class='ocrx_word' id='word_1_172' title='bbox 1045 2864 1109 2933; x_wconf 89' lang='lat' dir='ltr'><strong>hos</strong></span> <span class='ocrx_word' id='word_1_173' title='bbox 1134 2861 1256 2934; x_wconf 87' lang='lat' dir='ltr'><strong>litteris</strong></span> <span class='ocrx_word' id='word_1_174' title='bbox 1282 2869 1315 2937; x_wconf 76' lang='grc' dir='ltr'><strong>δι</strong></span> <span class='ocrx_word' id='word_1_175' title='bbox 1340 2864 1493 2944; x_wconf 84' lang='lat' dir='ltr'><strong>nunciis,</strong></span> <span class='ocrx_word' id='word_1_176' title='bbox 1517 2885 1614 2954; x_wconf 71' lang='lat' dir='ltr'><strong>prae⁴</strong></span> 
     </span>
     <span class='ocr_line' id='line_1_20' title="bbox 274 2982 1613 3075; baseline 0.001 -23"><span class='ocrx_word' id='word_1_177' title='bbox 274 2982 486 3073; x_wconf 86' lang='lat' dir='ltr'><strong>miorumque</strong></span> <span class='ocrx_word' id='word_1_178' title='bbox 510 2983 681 3072; x_wconf 89' lang='lat' dir='ltr'><strong>promissis</strong></span> <span class='ocrx_word' id='word_1_179' title='bbox 706 3007 767 3074; x_wconf 93' lang='lat' dir='ltr'><strong>pro</strong></span> <span class='ocrx_word' id='word_1_180' title='bbox 794 3008 830 3056; x_wconf 90' lang='lat' dir='ltr'><strong>se</strong></span> <span class='ocrx_word' id='word_1_181' title='bbox 854 2985 997 3075; x_wconf 89' lang='lat' dir='ltr'><strong>quisque</strong></span> <span class='ocrx_word' id='word_1_182' title='bbox 1030 2986 1284 3056; x_wconf 87' lang='lat' dir='ltr'><strong>sollicitabant.</strong></span> <span class='ocrx_word' id='word_1_183' title='bbox 1326 2986 1449 3056; x_wconf 91' lang='lat' dir='ltr'><strong>Veneti</strong></span> <span class='ocrx_word' id='word_1_184' title='bbox 1489 2983 1613 3056; x_wconf 84' lang='lat' dir='ltr'><strong>foedus</strong></span> 
     </span>
     <span class='ocr_line' id='line_1_21' title="bbox 272 3099 1616 3196; baseline 0.004 -26"><span class='ocrx_word' id='word_1_185' title='bbox 272 3099 341 3196; x_wconf 80' lang='lat' dir='ltr'><strong>jam</strong></span> <span class='ocrx_word' id='word_1_186' title='bbox 367 3121 468 3172; x_wconf 89' lang='lat' dir='ltr'><strong>antea</strong></span> <span class='ocrx_word' id='word_1_187' title='bbox 492 3123 727 3191; x_wconf 88' lang='lat' dir='ltr'><strong>percusserant</strong></span> <span class='ocrx_word' id='word_1_188' title='bbox 753 3127 830 3174; x_wconf 91' lang='lat' dir='ltr'><strong>cum</strong></span> <span class='ocrx_word' id='word_1_189' title='bbox 846 3104 977 3178; x_wconf 89' lang='lat' dir='ltr'><strong>Galliae</strong></span> <span class='ocrx_word' id='word_1_190' title='bbox 1001 3109 1120 3196; x_wconf 86' lang='lat' dir='ltr'><strong>Rege,</strong></span> <span class='ocrx_word' id='word_1_191' title='bbox 1145 3107 1249 3178; x_wconf 91' lang='lat' dir='ltr'><strong>ceteri</strong></span> <span class='ocrx_word' id='word_1_192' title='bbox 1270 3105 1494 3195; x_wconf 90' lang='lat' dir='ltr'><strong>promptiores</strong></span> <span class='ocrx_word' id='word_1_193' title='bbox 1520 3103 1616 3176; x_wconf 87' lang='lat' dir='ltr'><strong>vide·</strong></span> 
     </span>
     <span class='ocr_line' id='line_1_22' title="bbox 273 3222 1614 3318; baseline 0.004 -25"><span class='ocrx_word' id='word_1_194' title='bbox 273 3222 399 3293; x_wconf 89' lang='lat' dir='ltr'><strong>bantur</strong></span> <span class='ocrx_word' id='word_1_195' title='bbox 425 3224 469 3293; x_wconf 91' lang='lat' dir='ltr'><strong>ad</strong></span> <span class='ocrx_word' id='word_1_196' title='bbox 493 3225 630 3313; x_wconf 87' lang='lat' dir='ltr'><strong>propria</strong></span> <span class='ocrx_word' id='word_1_197' title='bbox 657 3223 830 3314; x_wconf 88' lang='lat' dir='ltr'><strong>pericula,</strong></span> <span class='ocrx_word' id='word_1_198' title='bbox 866 3249 967 3318; x_wconf 91' lang='lat' dir='ltr'><strong>quam</strong></span> <span class='ocrx_word' id='word_1_199' title='bbox 990 3226 1033 3296; x_wconf 89' lang='lat' dir='ltr'><strong>ad</strong></span> <span class='ocrx_word' id='word_1_200' title='bbox 1056 3227 1268 3298; x_wconf 89' lang='lat' dir='ltr'><strong>communia.</strong></span> <span class='ocrx_word' id='word_1_201' title='bbox 1294 3230 1388 3299; x_wconf 89' lang='lat' dir='ltr'><strong>Unus</strong></span> <span class='ocrx_word' id='word_1_202' title='bbox 1413 3228 1501 3298; x_wconf 91' lang='lat' dir='ltr'><strong>enim</strong></span> <span class='ocrx_word' id='word_1_203' title='bbox 1520 3225 1614 3304; x_wconf 86' lang='lat' dir='ltr'><strong>haud</strong></span> 
     </span>
     <span class='ocr_line' id='line_1_23' title="bbox 273 3346 1632 3446; baseline 0.007 -35"><span class='ocrx_word' id='word_1_204' title='bbox 273 3359 410 3431; x_wconf 88' lang='lat' dir='ltr'><strong>poterat</strong></span> <span class='ocrx_word' id='word_1_205' title='bbox 434 3365 508 3414; x_wconf 89' lang='lat' dir='ltr'><strong>esse</strong></span> <span class='ocrx_word' id='word_1_206' title='bbox 534 3367 722 3417; x_wconf 88' lang='lat' dir='ltr'><strong>consensus</strong></span> <span class='ocrx_word' id='word_1_207' title='bbox 750 3347 922 3428; x_wconf 85' lang='lat' dir='ltr'><strong>omnium,</strong></span> <span class='ocrx_word' id='word_1_208' title='bbox 949 3369 1010 3416; x_wconf 91' lang='lat' dir='ltr'><strong>nec</strong></span> <span class='ocrx_word' id='word_1_209' title='bbox 1037 3369 1132 3436; x_wconf 87' lang='lat' dir='ltr'><strong>pares</strong></span> <span class='ocrx_word' id='word_1_210' title='bbox 1158 3369 1232 3416; x_wconf 91' lang='lat' dir='ltr'><strong>esse</strong></span> <span class='ocrx_word' id='word_1_211' title='bbox 1260 3348 1450 3433; x_wconf 89' lang='lat' dir='ltr'><strong>potuissent</strong></span> <span class='ocrx_word' id='word_1_212' title='bbox 1469 3346 1632 3446; x_wconf 37' lang='lat' dir='ltr'><strong>Italicae·</strong></span> 
     </span>
     <span class='ocr_line' id='line_1_24' title="bbox 276 3462 1614 3560; baseline 0.007 -26"><span class='ocrx_word' id='word_1_213' title='bbox 276 3462 369 3534; x_wconf 74' lang='lat' dir='ltr'><strong>vires</strong></span> <span class='ocrx_word' id='word_1_214' title='bbox 387 3463 520 3534; x_wconf 87' lang='lat' dir='ltr'><strong>duobus</strong></span> <span class='ocrx_word' id='word_1_215' title='bbox 538 3467 780 3554; x_wconf 86' lang='lat' dir='ltr'><strong>potentissimis</strong></span> <span class='ocrx_word' id='word_1_216' title='bbox 797 3467 965 3558; x_wconf 87' lang='lat' dir='ltr'><strong>Regibus.</strong></span> <span class='ocrx_word' id='word_1_217' title='bbox 983 3469 1132 3538; x_wconf 85' lang='lat' dir='ltr'><strong>Tandem</strong></span> <span class='ocrx_word' id='word_1_218' title='bbox 1154 3470 1310 3540; x_wconf 80' lang='lat' dir='ltr'><strong>Pontifex</strong></span> <span class='ocrx_word' id='word_1_219' title='bbox 1325 3523 1335 3544; x_wconf 80' lang='lat'><strong>,</strong></span> <span class='ocrx_word' id='word_1_220' title='bbox 1360 3469 1457 3560; x_wconf 84' lang='lat' dir='ltr'><strong>cujus</strong></span> <span class='ocrx_word' id='word_1_221' title='bbox 1481 3491 1614 3560; x_wconf 81' lang='lat' dir='ltr'><strong>semper·</strong></span> 
     </span>
     <span class='ocr_line' id='line_1_25' title="bbox 273 3577 1614 3679; baseline 0.007 -27"><span class='ocrx_word' id='word_1_222' title='bbox 273 3577 479 3652; x_wconf 81' lang='lat' dir='ltr'><strong>desiderium</strong></span> <span class='ocrx_word' id='word_1_223' title='bbox 506 3581 619 3654; x_wconf 88' lang='lat' dir='ltr'><strong>fuerat</strong></span> <span class='ocrx_word' id='word_1_224' title='bbox 644 3593 676 3656; x_wconf 75' lang='grc' dir='ltr'><strong>δι</strong></span> <span class='ocrx_word' id='word_1_225' title='bbox 703 3609 765 3657; x_wconf 86' lang='lat' dir='ltr'><strong>sua</strong></span> <span class='ocrx_word' id='word_1_226' title='bbox 790 3587 1040 3676; x_wconf 88' lang='lat' dir='ltr'><strong>recuperandi,</strong></span> <span class='ocrx_word' id='word_1_227' title='bbox 1074 3593 1107 3662; x_wconf 74' lang='grc' dir='ltr'><strong>δι</strong></span> <span class='ocrx_word' id='word_1_228' title='bbox 1147 3591 1280 3679; x_wconf 75' lang='lat' dir='ltr'><strong>imperii</strong></span> <span class='ocrx_word' id='word_1_229' title='bbox 1315 3587 1397 3660; x_wconf 87' lang='lat' dir='ltr'><strong>lines</strong></span> <span class='ocrx_word' id='word_1_230' title='bbox 1425 3587 1614 3677; x_wconf 89' lang='lat' dir='ltr'><strong>dilatandi,</strong></span> 
     </span>
     <span class='ocr_line' id='line_1_26' title="bbox 272 3699 1616 3800; baseline 0.011 -33"><span class='ocrx_word' id='word_1_231' title='bbox 272 3699 458 3774; x_wconf 84' lang='lat' dir='ltr'><strong>consilium.</strong></span> <span class='ocrx_word' id='word_1_232' title='bbox 472 3703 562 3790; x_wconf 91' lang='lat' dir='ltr'><strong>cepit</strong></span> <span class='ocrx_word' id='word_1_233' title='bbox 586 3727 623 3773; x_wconf 89' lang='lat' dir='ltr'><strong>se</strong></span> <span class='ocrx_word' id='word_1_234' title='bbox 641 3703 730 3774; x_wconf 86' lang='lat' dir='ltr'><strong>bello</strong></span> <span class='ocrx_word' id='word_1_235' title='bbox 756 3706 994 3791; x_wconf 88' lang='lat' dir='ltr'><strong>immiscendi,</strong></span> <span class='ocrx_word' id='word_1_236' title='bbox 1019 3703 1054 3779; x_wconf 90' lang='lat' dir='ltr'><strong>id</strong></span> <span class='ocrx_word' id='word_1_237' title='bbox 1077 3733 1116 3781; x_wconf 91' lang='lat' dir='ltr'><strong>se</strong></span> <span class='ocrx_word' id='word_1_238' title='bbox 1141 3712 1362 3781; x_wconf 87' lang='lat' dir='ltr'><strong>obtenturum</strong></span> <span class='ocrx_word' id='word_1_239' title='bbox 1393 3731 1558 3800; x_wconf 89' lang='lat' dir='ltr'><strong>sperans,</strong></span> <span class='ocrx_word' id='word_1_240' title='bbox 1583 3707 1616 3782; x_wconf 88' lang='lat' dir='ltr'><strong>si</strong></span> 
     </span>
     <span class='ocr_line' id='line_1_27' title="bbox 230 3819 1614 3920; baseline 0.009 -33"><span class='ocrx_word' id='word_1_241' title='bbox 230 3888 233 3898; x_wconf 75' lang='grc'><strong>,</strong></span> <span class='ocrx_word' id='word_1_242' title='bbox 272 3819 487 3892; x_wconf 84' lang='lat' dir='ltr'><strong>Caesarianis</strong></span> <span class='ocrx_word' id='word_1_243' title='bbox 511 3821 664 3908; x_wconf 83' lang='lat' dir='ltr'><strong>faveret,</strong></span> <span class='ocrx_word' id='word_1_244' title='bbox 689 3823 728 3893; x_wconf 88' lang='lat' dir='ltr'><strong>ut</strong></span> <span class='ocrx_word' id='word_1_245' title='bbox 754 3827 902 3896; x_wconf 87' lang='lat' dir='ltr'><strong>Parmam</strong></span> <span class='ocrx_word' id='word_1_246' title='bbox 935 3829 1204 3902; x_wconf 80' lang='lat' dir='ltr'><strong>&amp;Placentiam</strong></span> <span class='ocrx_word' id='word_1_247' title='bbox 1243 3831 1432 3920; x_wconf 91' lang='lat' dir='ltr'><strong>reciperet,</strong></span> <span class='ocrx_word' id='word_1_248' title='bbox 1465 3833 1494 3900; x_wconf 90' lang='lat' dir='ltr'><strong>si</strong></span> <span class='ocrx_word' id='word_1_249' title='bbox 1530 3851 1614 3901; x_wconf 85' lang='lat' dir='ltr'><strong>vere</strong></span> 
     </span>
     <span class='ocr_line' id='line_1_28' title="bbox 272 3936 1613 4042; baseline 0.011 -36"><span class='ocrx_word' id='word_1_250' title='bbox 272 3936 404 4020; x_wconf 83' lang='lat' dir='ltr'><strong>Gallis,</strong></span> <span class='ocrx_word' id='word_1_251' title='bbox 430 3959 468 4010; x_wconf 94' lang='lat' dir='ltr'><strong>nt</strong></span> <span class='ocrx_word' id='word_1_252' title='bbox 493 3962 589 4030; x_wconf 88' lang='lat' dir='ltr'><strong>parte</strong></span> <span class='ocrx_word' id='word_1_253' title='bbox 618 3945 835 4034; x_wconf 85' lang='lat' dir='ltr'><strong>Neapolitani</strong></span> <span class='ocrx_word' id='word_1_254' title='bbox 860 3950 978 4038; x_wconf 89' lang='lat' dir='ltr'><strong>regni,</strong></span> <span class='ocrx_word' id='word_1_255' title='bbox 998 3948 1090 4042; x_wconf 89' lang='lat' dir='ltr'><strong>quod</strong></span> <span class='ocrx_word' id='word_1_256' title='bbox 1108 3951 1243 4020; x_wconf 89' lang='lat' dir='ltr'><strong>tenebat</strong></span> <span class='ocrx_word' id='word_1_257' title='bbox 1259 3953 1405 4029; x_wconf 88' lang='lat' dir='ltr'><strong>Caesar,</strong></span> <span class='ocrx_word' id='word_1_258' title='bbox 1423 3951 1613 4039; x_wconf 86' lang='lat' dir='ltr'><strong>potiretur.</strong></span> 
     </span>
     <span class='ocr_line' id='line_1_29' title="bbox 271 4055 1614 4148; baseline 0.009 -20"><span class='ocrx_word' id='word_1_259' title='bbox 271 4055 352 4147; x_wconf 90' lang='lat' dir='ltr'><strong>Quo</strong></span> <span class='ocrx_word' id='word_1_260' title='bbox 377 4060 530 4148; x_wconf 90' lang='lat' dir='ltr'><strong>paratior</strong></span> <span class='ocrx_word' id='word_1_261' title='bbox 555 4084 665 4144; x_wconf 89' lang='lat' dir='ltr'><strong>esset,</strong></span> <span class='ocrx_word' id='word_1_262' title='bbox 689 4066 780 4136; x_wconf 89' lang='lat' dir='ltr'><strong>misit</strong></span> <span class='ocrx_word' id='word_1_263' title='bbox 812 4067 855 4138; x_wconf 87' lang='lat' dir='ltr'><strong>ad</strong></span> <span class='ocrx_word' id='word_1_264' title='bbox 889 4067 1061 4138; x_wconf 88' lang='lat' dir='ltr'><strong>Helvetios</strong></span> <span class='ocrx_word' id='word_1_265' title='bbox 1078 4069 1263 4138; x_wconf 86' lang='lat' dir='ltr'><strong>Antonium</strong></span> <span class='ocrx_word' id='word_1_266' title='bbox 1278 4069 1432 4139; x_wconf 88' lang='lat' dir='ltr'><strong>Pucciutu</strong></span> <span class='ocrx_word' id='word_1_267' title='bbox 1457 4069 1614 4140; x_wconf 87' lang='lat' dir='ltr'><strong>conscri-</strong></span> 
     </span>
     <span class='ocr_line' id='line_1_30' title="bbox 272 4177 1635 4285; baseline 0.009 -35"><span class='ocrx_word' id='word_1_268' title='bbox 272 4177 374 4250; x_wconf 89' lang='lat' dir='ltr'><strong>bendi</strong></span> <span class='ocrx_word' id='word_1_269' title='bbox 402 4203 522 4252; x_wconf 88' lang='lat' dir='ltr'><strong>caussa</strong></span> <span class='ocrx_word' id='word_1_270' title='bbox 537 4182 682 4271; x_wconf 89' lang='lat' dir='ltr'><strong>milites,</strong></span> <span class='ocrx_word' id='word_1_271' title='bbox 708 4209 847 4277; x_wconf 86' lang='lat' dir='ltr'><strong>quorum</strong></span> <span class='ocrx_word' id='word_1_272' title='bbox 871 4211 931 4257; x_wconf 86' lang='lat' dir='ltr'><strong>ser</strong></span> <span class='ocrx_word' id='word_1_273' title='bbox 957 4209 1069 4285; x_wconf 87' lang='lat' dir='ltr'><strong>usque·</strong></span> <span class='ocrx_word' id='word_1_274' title='bbox 1087 4187 1193 4258; x_wconf 90' lang='lat' dir='ltr'><strong>millia</strong></span> <span class='ocrx_word' id='word_1_275' title='bbox 1217 4191 1252 4258; x_wconf 86' lang='lat' dir='ltr'><strong>in</strong></span> <span class='ocrx_word' id='word_1_276' title='bbox 1277 4189 1420 4260; x_wconf 83' lang='lat' dir='ltr'><strong>Aemilia</strong></span> <span class='ocrx_word' id='word_1_277' title='bbox 1445 4186 1635 4279; x_wconf 51' lang='lat' dir='ltr'><strong>disposuit¹</strong></span> 
     </span>
     <span class='ocr_line' id='line_1_31' title="bbox 274 4301 1614 4399; baseline 0.013 -29"><span class='ocrx_word' id='word_1_278' title='bbox 274 4301 386 4390; x_wconf 85' lang='lat' dir='ltr'><strong>specie</strong></span> <span class='ocrx_word' id='word_1_279' title='bbox 406 4302 602 4374; x_wconf 88' lang='lat' dir='ltr'><strong>continendi</strong></span> <span class='ocrx_word' id='word_1_280' title='bbox 617 4306 652 4374; x_wconf 91' lang='lat' dir='ltr'><strong>in</strong></span> <span class='ocrx_word' id='word_1_281' title='bbox 666 4307 883 4378; x_wconf 86' lang='lat' dir='ltr'><strong>officioillius</strong></span> <span class='ocrx_word' id='word_1_282' title='bbox 899 4311 1097 4396; x_wconf 85' lang='lat' dir='ltr'><strong>provinciae</strong></span> <span class='ocrx_word' id='word_1_283' title='bbox 1111 4308 1275 4399; x_wconf 88' lang='lat' dir='ltr'><strong>populos.</strong></span> <span class='ocrx_word' id='word_1_284' title='bbox 1295 4311 1548 4384; x_wconf 83' lang='lat' dir='ltr'><strong>Obversabatur</strong></span> <span class='ocrx_word' id='word_1_285' title='bbox 1566 4313 1614 4387; x_wconf 92' lang='lat' dir='ltr'><strong>illi</strong></span> 
     </span>
     <span class='ocr_line' id='line_1_32' title="bbox 275 4421 1615 4521; baseline 0.014 -30"><span class='ocrx_word' id='word_1_286' title='bbox 275 4421 379 4491; x_wconf 90' lang='lat' dir='ltr'><strong>etiam</strong></span> <span class='ocrx_word' id='word_1_287' title='bbox 403 4422 477 4493; x_wconf 92' lang='lat' dir='ltr'><strong>lulii</strong></span> <span class='ocrx_word' id='word_1_288' title='bbox 497 4427 536 4493; x_wconf 94' lang='lat' dir='ltr'><strong>ll.</strong></span> <span class='ocrx_word' id='word_1_289' title='bbox 561 4424 770 4515; x_wconf 84' lang='lat' dir='ltr'><strong>exemplum,</strong></span> <span class='ocrx_word' id='word_1_290' title='bbox 796 4428 855 4520; x_wconf 89' lang='lat' dir='ltr'><strong>qui</strong></span> <span class='ocrx_word' id='word_1_291' title='bbox 881 4452 1002 4521; x_wconf 91' lang='lat' dir='ltr'><strong>magna</strong></span> <span class='ocrx_word' id='word_1_292' title='bbox 1029 4453 1105 4500; x_wconf 91' lang='lat' dir='ltr'><strong>cum</strong></span> <span class='ocrx_word' id='word_1_293' title='bbox 1132 4432 1278 4501; x_wconf 87' lang='lat' dir='ltr'><strong>neminis</strong></span> <span class='ocrx_word' id='word_1_294' title='bbox 1304 4431 1356 4502; x_wconf 89' lang='lat' dir='ltr'><strong>sui</strong></span> <span class='ocrx_word' id='word_1_295' title='bbox 1386 4431 1473 4507; x_wconf 87' lang='lat' dir='ltr'><strong>fama</strong></span> <span class='ocrx_word' id='word_1_296' title='bbox 1495 4433 1615 4510; x_wconf 88' lang='lat' dir='ltr'><strong>ltaliae</strong></span> 
     </span>
     <span class='ocr_line' id='line_1_33' title="bbox 275 4539 1612 4648; baseline 0.008 -31"><span class='ocrx_word' id='word_1_297' title='bbox 275 4539 420 4617; x_wconf 77' lang='lat' dir='ltr'><strong>reddidit</strong></span> <span class='ocrx_word' id='word_1_298' title='bbox 433 4543 630 4639; x_wconf 84' lang='lat' dir='ltr'><strong>dignitatem</strong></span> <span class='ocrx_word' id='word_1_299' title='bbox 656 4539 979 4643; x_wconf 70' lang='lat' dir='ltr'><strong>&amp;tranquillitatem</strong></span> <span class='ocrx_word' id='word_1_300' title='bbox 1002 4550 1118 4645; x_wconf 88' lang='lat' dir='ltr'><strong>illam,</strong></span> <span class='ocrx_word' id='word_1_301' title='bbox 1144 4577 1212 4648; x_wconf 89' lang='lat' dir='ltr'><strong>qua</strong></span> <span class='ocrx_word' id='word_1_302' title='bbox 1236 4576 1315 4629; x_wconf 90' lang='lat' dir='ltr'><strong>ante</strong></span> <span class='ocrx_word' id='word_1_303' title='bbox 1335 4555 1451 4628; x_wconf 85' lang='lat' dir='ltr'><strong>Caroli</strong></span> <span class='ocrx_word' id='word_1_304' title='bbox 1478 4573 1557 4632; x_wconf 78' lang='lat' dir='ltr'><strong>vttt.</strong></span> <span class='ocrx_word' id='word_1_305' title='bbox 1575 4558 1612 4630; x_wconf 90' lang='lat' dir='ltr'><strong>iu</strong></span> 
     </span>
    </p>
   </div>
   <div class='ocr_carea' id='block_1_2' title="bbox 0 0 2198 5828">
    <p class='ocr_par' dir='ltr' id='par_1_2' title="bbox 0 0 2198 5828">
     <span class='ocr_line' id='line_1_34' title="bbox 0 0 2198 5828; baseline 0 0"><span class='ocrx_word' id='word_1_306' title='bbox 0 0 2198 5828; x_wconf 95' lang='lat' dir='ltr'><strong> </strong></span> 
     </span>
    </p>
   </div>
  </div>
 </body>
</html>
