4372 5842
706 689 736 757 V
832 691 846 756 l
945 693 975 763 T
1005 778 1012 795 ι
1073 693 1102 764 Α
1466 709 1534 764 att

248 802 365 898 pinum
385 801 617 902 aliorumque,
648 811 704 901 qui
730 807 766 879 in
788 808 949 884 claustris
982 812 1089 886 uitam
1117 811 1301 906 degebant,
1328 815 1388 892 tr,
1411 831 1448 882 ut
1471 811 1583 901 paucis
1632 861 1635 870 .

249 926 382 1012 dicam,
406 925 489 1001 nihil
514 927 749 1002 vehementius
784 930 989 1014 contendit,
1019 955 1119 1028 quam
1151 953 1189 1004 ttt
1224 931 1457 1005 consolaretur
1492 928 1585 1002 asdi-
1693 983 1697 994 .

254 1065 327 1117 ctos
342 1093 354 1126 ,
388 1047 583 1135 perterritos
610 1071 629 1116 a
654 1049 772 1119 timore
801 1050 1008 1138 deduceret,
1034 1055 1065 1120 bc
1092 1054 1291 1126 miserorum
1331 1052 1502 1124 fortunam
1526 1074 1587 1122 su·

253 1167 423 1241 blevaret.
454 1163 598 1238 Difficile
627 1185 716 1236 esset
739 1169 857 1240 onmia
878 1175 1062 1267 persequi,
1086 1180 1120 1247 ec
1160 1199 1230 1248 nott
1250 1173 1467 1247 necessaria.-
1500 1167 1586 1240 Illud
1642 1175 1646 1184 '

209 1372 230 1395 Δ,
252 1312 358 1362 unum
379 1285 517 1379 intelligi
558 1285 715 1362 volumus
752 1287 876 1362 leonis
908 1289 1145 1366 liberalitatem
1182 1315 1290 1388 neque
1324 1288 1590 1382 temporariam,

250 1431 360 1502 neque
386 1407 539 1482 callidam
565 1409 692 1494 suisse,
716 1407 1025 1504 ignoscendumqne
1061 1413 1209 1484 bonitati
1244 1431 1387 1482 nannae
1418 1409 1528 1495 illius,
1555 1406 1584 1477 si

248 1529 457 1602 calamitates
491 1531 660 1629 interdum
698 1530 912 1625 indignorum
950 1533 1127 1604 hominum
1151 1530 1367 1619 subleuauit,
1390 1530 1582 1622 multosque

215 1647 218 1652 ’
248 1647 304 1754 trel
329 1672 392 1722 sua
414 1669 562 1741 sponte,
586 1651 643 1722 vel
668 1648 810 1724 aliorum
836 1651 1009 1723 arbitratu·
1023 1651 1269 1742 locupletavit,
1303 1653 1361 1743 qui
1384 1651 1477 1722 vitae
1500 1673 1584 1742 gre·
1629 1703 1633 1717 .

248 1768 354 1842 vitate
379 1770 700 1864 atqueintegritate
724 1775 899 1844 nonsatis
930 1771 1275 1844 commendabantur.
1309 1770 1412 1854 Vides
1451 1791 1504 1840 me
1546 1769 1583 1841 iu

246 1887 400 1981 pluribus
424 1891 524 1966 rebus
548 1891 686 1966 laudare
711 1894 940 1978 leonem,‚in
966 1891 1080 1963 multis
1105 1891 1285 1966 defendere
1310 1909 1412 1985 atque
1436 1911 1583 1961 excusa·

246 2036 311 2096 re,
334 2013 369 2083 in
395 2013 592 2106 quibusdam
616 2015 718 2086 etiam
744 2001 1012 2102 reprehendere.
1036 2011 1190 2084 Profecto
1218 2013 1261 2084 si.
1285 2009 1375 2082 illius
1400 2009 1582 2082 Pontifica-

183 2221 193 2234 ῃ
245 2153 304 2206 tus
329 2135 366 2204 in
391 2133 459 2205 alia
484 2155 638 2223 tempora
663 2130 783 2204 virtuti
808 2131 893 2202 adeo
927 2155 997 2203 non
1023 2133 1129 2203 amica
1166 2131 1337 2203 incidisset
1359 2125 1469 2226 (quis
1493 2131 1587 2206 enint

51 2341 54 2349 ¹
204 2279 211 2286 ·
249 2249 383 2345 ignorat
408 2271 618 2324 communem
634 2249 734 2324 ¹illius
757 2252 876 2324 aetatis
901 2249 1127 2340 corruptelam
1156 2269 1227 2320 turn
1252 2249 1286 2320 in
1312 2250 1483 2334 moribus,
1509 2267 1581 2320 turta
1635 2318 1639 2324 .

162 2351 165 2357 ’
248 2375 285 2446 in
309 2373 445 2447 ratione
469 2351 757 2446 administrandae
793 2368 1064 2463 Reipublicae?)
1103 2370 1233 2454 homo,
1257 2368 1375 2465 quiin
1412 2368 1582 2458 imperio,

246 2511 351 2588 atque
375 2495 409 2565 in
432 2491 568 2590 publica
590 2491 755 2585 dignitate
780 2491 896 2565 omnia
919 2491 961 2563 ad
984 2489 1126 2584 gloriam
1150 2489 1427 2584 splendoremque
1457 2491 1587 2563 Rotna-

245 2635 311 2696 ttae
335 2611 528 2700 Ecclesiae,
558 2618 593 2686 ὃ(
623 2613 665 2686 ad
690 2611 884 2686 litterarum
908 2613 1036 2686 bonnm
1063 2611 1270 2694 revocabat,
1295 2607 1582 2704 nullamfottas·

245 2753 284 2806 se
307 2732 564 2824 reprehensioni
590 2753 745 2806 caussam
767 2731 935 2806 dedisset.
959 2731 998 2802 Id
1022 2731 1167 2804 fortasse
1204 2730 1371 2806 sentiebat
1396 2730 1492 2823 ipse,
1525 2725 1585 2802 sed

248 2847 366 2923 omnes
392 2849 492 2924 facile
515 2851 651 2925 saeculo
676 2857 710 2926 ec
735 2833 877 2925 naturae
902 2873 1080 2946 paremus.

345 2971 424 3066 Qua
446 2970 587 3044 mollitia
612 2991 684 3044 etat
707 2973 740 3040 dt
765 2972 906 3045 lenitate
931 2972 1033 3044 animi
1059 2973 1356 3064 propensissimum
1382 2995 1418 3044 se
1452 2991 1582 3060 semper

247 3091 398 3162 ostendit
423 3091 465 3163 ad
490 3093 733 3167 condonandas
755 3092 1068 3192 obliviscendasque
1101 3093 1268 3184 injurias,
1295 3091 1446 3183 nihilque
1464 3081 1618 3201 =liberr-⁸

247 3215 315 3287 tius
339 3212 444 3307 gessit
469 3236 569 3306 quarn
594 3207 846 3288 misericordiae
871 3232 1008 3304 partes.
1041 3211 1136 3282 lllant
1159 3235 1240 3285 vero
1273 3215 1465 3285 severitatis
1502 3226 1599 3301 per-¹

244 3354 364 3405 sonam
389 3331 466 3405 licet
491 3357 662 3427 nunquam
688 3331 958 3425 appetiverit,'a
981 3332 1166 3423 Republica
1192 3351 1303 3422 tamen
1338 3335 1402 3404 sibi
1435 3333 1581 3422 imposi-

244 3465 315 3524 tam
337 3452 386 3524 ita
410 3451 597 3556 sustinuit,
628 3472 668 3526 ut
693 3451 901 3526 nefariorum
922 3454 1097 3526 criminum
1124 3453 1195 3538 rei,
1235 3453 1327 3542 iique
1363 3453 1557 3542 praesertim
1572 3499 1606 3552 ,x

249 3572 310 3666 qui
331 3572 484 3648 bonitate
508 3574 540 3640 dt
566 3571 748 3646 clementia
773 3569 864 3646 illius
889 3574 1065 3646 abutentes
1091 3593 1169 3666 post
1208 3577 1346 3664 primam
1383 3569 1495 3644 delicti
1519 3595 1602 3646 νοω

252 3689 345 3765 uiam
367 3692 467 3766 notis
490 3692 670 3766 sceleribus
695 3715 733 3766 se
773 3693 1089 3780 contaminassent,
1124 3693 1250 3786 quique
1284 3690 1452 3787 publicant
1484 3709 1587 3764 tran·

246 3809 451 3902 quillitatem
477 3815 697 3905 turbassent,
722 3813 806 3887 nihil
829 3837 900 3886 non
924 3814 966 3885 ab
991 3837 1032 3886 eo
1057 3811 1176 3884 tintere
1198 3813 1387 3885 deberent.
1416 3810 1581 3880 'Diximus

245 3949 350 4022 supra
364 3957 465 4026 quant
485 3956 603 4005 severe
620 3933 656 4005 in
669 3935 886 4006 Petruccium
902 3932 1112 4006 Cardinalem
1122 3979 1135 4017 ‚
1161 3933 1315 4024 aliosque
1338 3929 1583 4024 coniurationis

243 4072 322 4124 reos
347 4052 620 4126 animadverterit
636 4105 646 4138 ,
664 4053 759 4136 cuins
785 4049 1055 4147 conjurationis,
1071 4059 1104 4125 8<
1126 4049 1386 4143 conspirationis
1409 4051 1581 4144 cujusdam

248 4191 324 4242 cnm
349 4173 531 4244 Francisco
569 4173 677 4246 Maria
704 4173 827 4246 Felttio
852 4174 945 4264 quod
982 4171 1150 4263 particeps
1184 4170 1288 4242 fuisse
1324 4169 1505 4261 putabatur
1533 4169 1582 4238 Jo.

245 4281 382 4365 Paullus
407 4289 592 4366 Ballionius
615 4293 818 4374 Perusinus,
841 4293 946 4370 homo
970 4291 1106 4386 ingenio
1126 4313 1204 4367 acet
1227 4289 1486 4374 &uehemenm
1511 4299 1582 4360 ma*

245 4431 294 4481 nu
318 4429 524 4502 promptus,
548 4415 582 4484 bc
605 4411 732 4501 imperii
758 4413 842 4484 adeo
868 4429 1047 4503 appetens,
1072 4429 1112 4482 ut
1135 4409 1266 4502 patriae
1289 4408 1502 4502 tyrannidem
1520 4429 1580 4480 oc·

242 4531 510 4623 supereum&
545 4527 751 4622 crudeliter,
788 4529 950 4701 ἀεερὸέῖἑε
990 4530 1161 4606 pontificis
1193 4531 1320 4629 jussis,
1360 4527 1581 4618 exercuerit,

761 4696 767 4721 r
967 4652 989 4705 ²
1223 4667 1226 4674 '
