4386 5838
693 711 724 776 V
822 715 836 782 l
935 716 966 784 T
1064 713 1095 786 Α
1495 733 1559 803 113
1649 755 1654 764 ·

276 829 362 924 qu'ae
388 827 607 920 possidebat,
634 829 815 902 dimitteret
834 883 844 916 ,
869 835 1007 905 Umbria
1024 833 1226 920 excederet,
1244 855 1284 904 ac
1298 855 1412 905 secum
1430 849 1619 918 tormenta,

275 949 580 1044 supelleblilemque
605 975 739 1022 omnem
765 977 803 1024 ac
824 954 1096 1048 bibliothecam,
1121 977 1220 1047 quam
1236 953 1426 1025 Fridericus
1442 975 1616 1026 maternus

276 1093 362 1142 avus
394 1073 487 1162 regio
514 1071 613 1162 plane
638 1091 773 1162 sumptu
799 1096 861 1162 pro
887 1097 949 1146 suo
983 1075 1144 1168 singulari
1170 1077 1205 1148 in
1238 1073 1370 1148 litteras
1403 1075 1514 1146 studio
1551 1073 1614 1145 sibi

278 1212 566 1283 comparaverat,
590 1191 762 1262 deferret.
789 1193 950 1283 Optasset
976 1195 1054 1283 ille,
1079 1197 1265 1290 ignominia
1288 1203 1321 1269 u
1344 1195 1460 1266 dolore
1486 1217 1615 1286 penno·
1655 1251 1657 1254 .

275 1333 356 1398 tus,
381 1331 418 1382 ut
444 1313 657 1386 declararent
684 1317 826 1404 Hispani
851 1317 1117 1390 Metaurensiurn
1144 1317 1305 1414 ditionem
1330 1317 1370 1386 ab
1398 1317 1439 1386 iis
1467 1317 1507 1385 ad
1527 1317 1616 1386 Pon·

275 1417 398 1505 cilicem
423 1432 575 1512 deferri,
600 1439 632 1507 dt
658 1435 722 1506 hac
749 1437 790 1508 de
817 1459 938 1508 caussa
965 1459 1042 1508 cum
1068 1435 1108 1506 iis
1129 1433 1310 1506 altercatus
1337 1452 1411 1520 est,
1444 1435 1612 1526 proditio-

273 1577 419 1646 nemque
436 1579 589 1637 .vetens,
614 1549 796 1628 Sestinum*
816 1579 936 1628 versus
962 1581 1038 1630 cunr
1063 1555 1231 1627 leviorum
1256 1557 1406 1648 equitum
1430 1561 1463 1628 δι
1489 1555 1614 1628 multo·

274 1695 347 1743 rum
372 1675 524 1764 peditum
561 1678 725 1746 comitatu
766 1665 935 1770 profetllts
960 1697 1040 1749 est.
1079 1679 1223 1749 Demum
1257 1676 1455 1748 necessitati
1496 1677 1613 1747 cedere

274 1793 412 1865 eoaclus
438 1818 498 1883 per
523 1796 699 1868 Aemiliam
730 1803 764 1870 u
790 1799 1040 1869 Bononiensem
1065 1820 1208 1888 agrum,
1232 1821 1309 1867 cum
1333 1820 1447 1868 secum
1471 1783 1610 1868 haberet

272 1921 300 1986 F
302 1915 480 1987 ridericum
500 1915 695 2008 Gonzagam
713 1971 723 2003 ,
749 1935 884 1987 centum
908 1915 1044 2008 equites
1080 1923 1323 2011 &sexcentos
1349 1919 1496 2008 pedites,
1517 1921 1610 1986 Man·

273 2055 367 2104 tuam
393 2035 602 2107 contendit.
628 2037 706 2110 Tali
732 2040 835 2110 modo
859 2055 938 2129 post
962 2037 1121 2109 oblatum
1141 2061 1290 2108 mensem
1314 2039 1517 2130 gravissimo
1542 2037 1611 2110 bel·

272 2152 307 2223 lo
342 2153 418 2229 finis
456 2156 635 2244 impositus
672 2178 752 2244 est,
774 2159 865 2252 quod
903 2157 1038 2262 stetisse
1063 2157 1219 2229 Pontifici
1242 2159 1364 2230 dicitur
1403 2157 1607 2251 odlingentis

273 2272 418 2346 millibus
445 2276 555 2346 aureis
570 2303 751 2370 ,·quorum
775 2303 931 2371 magnam
957 2297 1086 2368 partem
1111 2279 1285 2364 obtinuit,
1312 2277 1365 2351 vel
1392 2281 1506 2370 potius
1528 2291 1608 2350 'ex-

273 2398 374 2467 torsit
400 2422 420 2468 a
443 2397 649 2469 Florentinis
665 2398 756 2470 suis.
780 2403 858 2471 Non
884 2401 968 2472 satis
984 2420 1121 2472 constat
1137 2425 1217 2496 num
1232 2398 1364 2472 Galliae
1377 2389 1470 2488 Rex,
1487 2422 1609 2494 quam-

271 2517 327 2586 vis
353 2519 501 2591 subsidia
525 2523 683 2604 miserit,
717 2523 899 2602 exanimo
926 2521 1135 2612 concupierit
1156 2517 1301 2592 liberate
1326 2519 1522 2594 Pontificem
1546 2545 1608 2591 ar-

242 2659 404 2710 morum
427 2641 616 2712 molestiis.
656 2646 740 2716 Nam
775 2642 854 2714 licet
892 2644 998 2715 multa
1032 2644 1130 2736 signa
1160 2659 1359 2734 apparerent
1393 2659 1529 2714 mutuae
1557 2641 1608 2712 in·

269 2773 323 2830 ter
348 2783 407 2830 eos
440 2760 725 2846 benevolentiae,
759 2767 793 2835 bt
817 2785 915 2851 saepe
942 2785 978 2832 se
1007 2761 1130 2833 litteris
1163 2755 1439 2852 interpellarent,
1477 2762 1608 2835 teside-

264 2881 352 2952 -bant
376 2899 491 2954 tamen
514 2904 645 2974 semper
667 2886 702 2956 in
726 2885 767 2956 iis
793 2885 1021 2976 suspicionum
1040 2881 1225 2976 reliquiae.
1250 2887 1497 2977 Praeterquam
1512 2884 1605 2978 quod

266 3022 350 3076 sunt
374 3003 571 3098 plerumque
604 3005 802 3081 ambitiosae
838 3006 1048 3108 fucosaeque
1082 3005 1278 3096 Principum
1318 3003 1507 3091 amicitiae,
1539 3025 1603 3076 nec

222 3145 225 3159 ·
269 3128 387 3198 aberat
411 3126 480 3194 Leo
504 3125 546 3196 ab
574 3125 717 3196 artificio
742 3127 994 3214 simulationis,
1017 3129 1150 3220 quoties
1180 3127 1309 3198 utilitas
1335 3113 1509 3216 postulare
1543 3125 1602 3196 vi·

267 3249 431 3320 debatur.
456 3247 532 3318 Fuit
557 3250 591 3317 8<
614 3244 672 3316 hie
696 3245 870 3338 suspedlus
895 3247 1020 3352 Carolo
1045 3250 1275 3341 Hispanorum
1305 3246 1411 3340 Regi,
1438 3265 1508 3315 non
1544 3263 1605 3314 se*

266 3389 328 3444 cus
356 3394 394 3442 ac
416 3371 445 3441 si
477 3369 592 3458 specie
620 3370 841 3459 recuperandi
865 3371 1131 3440 Metaurensium
1157 3369 1332 3460 imperium
1369 3366 1600 3439 consensisse-t

266 3513 346 3562 cum
369 3488 475 3561 Gallis
498 3488 539 3560 de
561 3490 772 3592 occupando
790 3489 1014 3580 Neapolitano
1038 3513 1165 3582 regno.
1191 3492 1234 3560 Et
1257 3489 1291 3562 id
1320 3487 1455 3582 quidem
1480 3483 1600 3556 molie-

266 3609 389 3694 batur,
413 3629 453 3680 ut
479 3587 715 3702 quamcunque
747 3611 962 3681 occasionem
994 3611 1056 3682 sibi
1081 3607 1221 3682 fortuna
1245 3607 1428 3683 obtulisset
1453 3601 1602 3698 augendi

265 3727 560 3823 amplificandique
584 3731 775 3823 potentiam
798 3729 917 3804 fratris
948 3727 1007 3802 filii
1020 3777 1033 3812 ,
1056 3731 1145 3802 hanc
1169 3729 1244 3802 sine
1272 3753 1366 3804 mora
1400 3733 1434 3801 dt
1470 3725 1601 3837 studio·

265 3848 395 3921 sissime
420 3849 600 3941 arriperet.
626 3853 695 3922 Nec
719 3871 801 3922 sane
825 3850 1286 3943 legitimamexcusationem
1310 3850 1429 3922 habuit
1451 3855 1504 3934 tot
1527 3854 1602 3917 nro·

264 3968 318 4042 dis
340 3993 484 4043 vexasse
508 3967 693 4054 Feltrium,
715 3979 837 4064 totque
862 3969 1051 4046 confecisse
1075 3971 1170 4044 malis
1193 3970 1358 4064 subjedlas
1383 3966 1473 4042 illius
1495 3967 1602 4054 impe·

264 4091 316 4162 rio
339 4073 498 4164 civitates
527 4091 559 4158 dc
588 4090 739 4181 oppida.
763 4091 880 4185 Quare
901 4113 978 4163 cum
1016 4091 1193 4164 Pisaurum
1225 4089 1407 4184 aliquando
1447 4084 1601 4161 venisset

265 4211 336 4308 ejus
374 4211 465 4284 urbis
491 4209 682 4302 Episcopus
707 4210 800 4284 Paris
825 4210 1008 4295 Grauius,
1048 4209 1329 4282 &deformatam
1369 4207 1460 4279 illam
1488 4204 1602 4276 'vidis-

208 4385 210 4390 .
265 4347 343 4416 set,
367 4329 505 4402 minime
526 4327 701 4406 continere
725 4350 763 4406 se
792 4329 934 4418 potuit,
957 4327 1041 4422 quin
1067 4328 1103 4402 in
1124 4330 1212 4402 baec
1228 4328 1341 4402 acrba
1372 4325 1605 4410 exclamarets'

266 4445 367 4521 Deus
387 4465 508 4544 parcat
530 4447 674 4543 Papae,
698 4449 758 4544 qni
782 4446 902 4520 toleror
923 4464 973 4520 tot
993 4469 1132 4522 snorum
1150 4465 1315 4546 peccota.
1340 4449 1439 4541 Quae
1472 4431 1600 4518 reser'r'e

264 4561 393 4658 libuit,
416 4585 457 4643 ut
477 4587 597 4642 omnes
619 4566 735 4642 sciant
749 4585 914 4664 quantum
937 4569 981 4640 de
1005 4568 1096 4646 sarna
1120 4559 1293 4652 Pontificis
1319 4566 1505 4646 detraxerit
1527 4561 1600 4637 foe·

835 4710 837 4714 ·
960 4689 988 4757 Ρ
