4386 5838
653 690 720 758 ¹14
1035 668 1062 739 L
1110 669 1138 740 Ε
1187 671 1219 742 0
1267 672 1298 742 N
1346 676 1361 742 1
1410 675 1431 744 S
1502 672 1569 760 Xr'.

601 775 643 862 da
667 811 806 860 suorum
831 786 993 882 regnandi
1022 790 1213 882 cupiditas.
1238 791 1378 886 Siquid
1403 791 1559 865 fortunae
1586 788 1754 882 superfuit
1779 789 1936 877 Feltrio,

588 913 671 1004 ,ejus
699 910 808 982 virtus
834 909 923 980 tuita
948 930 1020 996 est,
1047 915 1080 983 δι
1104 911 1183 982 dum
1209 913 1413 1004 querebatur
1440 915 1579 1009 injurias
1604 937 1684 984 suas
1709 911 1812 1004 (47),
1840 935 1935 1002 prae·

600 1031 792 1126 stolabatur
825 1032 1113 1120 opportunitatem
1151 1051 1344 1120 temporum
1385 1034 1428 1104 ad
1453 1035 1575 1136 amissa
1594 1033 1864 1124 recuperanda,
1899 1034 1935 1106 in

600 1175 669 1240 quo
694 1174 753 1221 eos
780 1151 870 1242 ipsos
895 1155 1067 1226 Mediceos
1094 1152 1265 1250 adjutores
1289 1153 1428 1242 habuit,
1454 1177 1474 1224 a
1500 1152 1623 1245 quibus
1657 1171 1712 1224 tot
1732 1153 1839 1226 modis
1877 1175 1939 1228 ve·

601 1291 703 1344 xatus
731 1271 865 1343 suerat.
1080 1277 1083 1282 ’

496 1393 499 1400 ’
595 1480 600 1486 Ι
700 1394 778 1462 Non
812 1391 923 1464 minus
953 1391 1086 1486 ingrata
1111 1393 1143 1460 ot
1169 1392 1280 1466 invisa
1304 1392 1405 1467 bonis
1430 1396 1585 1468 omnibus
1608 1373 1744 1468 suerunt
1763 1415 1853 1487 quae
1867 1394 1936 1464 Leo

604 1509 780 1582 conflavit
806 1511 956 1602 pericula
980 1515 1203 1586 Senensibus.
1229 1517 1281 1585 Ex
1316 1537 1385 1606 quo
1422 1515 1451 1584 is
1483 1515 1720 1588 Pontificatum
1756 1517 1940 1588 Maximum

606 1631 750 1720 adeptus
775 1649 841 1718 est,
863 1631 912 1704 illi
939 1633 1036 1703 rebus
1061 1634 1132 1702 suis
1158 1634 1275 1726 timere
1291 1655 1478 1724 coeperunt
1495 1687 1506 1721 ,
1522 1660 1584 1707 uec
1602 1637 1644 1708 ad
1661 1637 1878 1708 minuendum
1897 1635 1970 1706 ti·'·

603 1774 733 1822 morem
758 1751 916 1824 valebant
942 1774 1030 1843 quae
1056 1752 1098 1824 de
1121 1775 1183 1824 sua
1208 1777 1246 1824 ac
1271 1752 1544 1827 Florentinorum
1570 1756 1722 1828 omnium
1760 1756 1939 1828 uoluntate

603 1870 788 1944 liberaliter
811 1873 850 1944 iis
874 1870 1029 1962 polliceri
1050 1891 1297 1966 consueverat.
1322 1873 1463 1946 Sedebat
1484 1894 1557 1948 tum
1581 1877 1623 1948 ad
1648 1875 1866 1967 Reipublicae
1884 1899 1944 1968 gu·

603 1990 790 2064 bernacula
814 1991 1020 2083 Burghesius
1045 1993 1245 2068 Petruccius
1268 1995 1456 2086 Pandulphi
1483 1997 1621 2086 tyranni
1654 1995 1773 2082 lilius,
1813 2001 1848 2068 δι
1886 1993 1944 2066 Al·

603 2112 731 2202 phonsi
755 2111 947 2186 Cardinalis
973 2110 1103 2197 frater,
1127 2117 1185 2206 qui
1212 2133 1377 2208 quantum
1403 2115 1543 2186 inferior
1566 2133 1655 2188 esset
1680 2113 1770 2207 patri
1795 2114 1944 2206 pruden-

606 2230 686 2317 tia,
711 2211 896 2304 calliditate
922 2235 956 2303 bt
982 2232 1087 2304 animi
1104 2231 1314 2307 'fortitudine
1337 2253 1410 2306 tum
1437 2236 1581 2309 maxime
1604 2233 1817 2321 declaravit,
1842 2255 1945 2323 curn,

606 2351 737 2423 nuncio
772 2371 943 2442 accepto,
981 2355 1144 2426 Senenses
1184 2354 1301 2426 exules
1337 2377 1415 2427 cum
1455 2354 1598 2427 militum
1635 2355 1817 2440 subsidiis,
1854 2377 1942 2446 quae

604 2472 777 2545 Pontificis
801 2497 905 2566 opera
931 2498 951 2548 a
975 2471 1180 2547 Florentinis
1205 2472 1350 2567 aliisque
1373 2475 1616 2563 obtinuerant,
1641 2477 1683 2548 ad
1709 2477 1824 2548 urbem
1849 2495 1947 2570 acce·

606 2598 712 2683 dere,
738 2596 886 2686 turpiter
910 2595 972 2670 illa·
995 2593 1150 2688 aufugit.
1175 2597 1327 2670 Venerat
1352 2618 1430 2668 cum
1455 2596 1564 2687 copiis
1590 2595 1633 2668 ad
1668 2591 1719 2666 illi
1751 2617 1851 2688 opem
1889 2592 1951 2668 le·

604 2718 746 2796 rendam
770 2718 995 2812 Alphonsus,
1018 2741 1138 2792 verum
1162 2717 1222 2792 ubi
1247 2715 1376 2788 audivit
1402 2713 1541 2790 fratrem
1560 2713 1642 2810 fuga
1665 2714 1729 2788 sibi
1753 2711 1946 2790 consuluis-

603 2861 665 2926 se,
692 2838 775 2926 nihil
802 2839 1002 2940 tentandum
1024 2836 1163 2929 putauit
1188 2887 1198 2906 .
1220 2837 1415 2912 Dissidebat
1444 2863 1521 2912 curn
1542 2840 1611 2910 hoc
1636 2837 1718 2910 odio
1752 2839 1788 2910 u
1819 2833 1952 2910 invidia

604 2958 762 3051 Rapbael
801 2961 1000 3036 Petruccius
1042 2959 1116 3053 ejus
1153 2959 1317 3050 patruelis
1341 2963 1565 3034 Crassetanus
1590 2959 1818 3050 Episcopus,
1850 2979 1951 3050 quent

519 3167 523 3172 Ι
607 3077 678 3151 Leo
704 3076 763 3152 illo
787 3081 972 3155 miserrimo
997 3079 1089 3154 exilii
1113 3098 1267 3174 tempore
1287 3080 1441 3152 omnium
1464 3079 1645 3166 itinerum,
1664 3077 1957 3192 navigationum,

557 3285 558 3288 Ἴ
605 3198 764 3278 laborum
800 3204 834 3274 δι
866 3200 1092 3294 periculorum
1133 3202 1291 3274 comitem
1314 3200 1506 3290 habuerat,
1545 3202 1667 3294 cuique
1706 3197 1950 3291 praefecturam

609 3323 786 3393 Romanae
812 3321 900 3396 arcis
923 3320 1113 3393 detulerat.
1137 3323 1239 3394 Hunc
1265 3303 1381 3414 itapue
1406 3316 1566 3398 idoneum
1588 3321 1723 3414 putavit
1748 3319 1791 3393 ad
1813 3319 1959 3392 turban-

610 3437 673 3512 das
698 3462 753 3512 res
777 3440 1002 3529 senensium,
1025 3442 1118 3514 haud
1144 3442 1330 3526 dubitans,
1353 3445 1384 3518 si
1415 3441 1506 3516 hanc
1532 3435 1770 3514 'mutationem
1801 3450 1955 3533 tempora

613 3557 862 3650 adjuvassent,
886 3557 961 3633 sore
983 3579 1023 3634 ut
1046 3560 1181 3635 illorum
1206 3561 1345 3636 civitate
1379 3561 1574 3654 potiretur.
1610 3561 1720 3655 liujus
1753 3557 1952 3654 cupiditatis

613 3676 742 3750 conscii
760 3695 859 3753 erant
883 3678 1093 3770 moremini,
1116 3681 1202 3776 qui,
1225 3703 1274 3756 ut
1299 3699 1494 3756 averterent
1518 3679 1724 3754 nobiliorum
1746 3682 1948 3754 senensium

611 3815 747 3870 mentes
773 3821 793 3869 a
817 3795 995 3892 periculo,
1018 3801 1112 3894 quod
1136 3803 1392 3894 disparabant,
1414 3801 1562 3874 maximo
1588 3819 1757 3892 apparatu
1779 3799 1953 3892 spectacu-

612 3915 651 3990 la
673 3918 746 3992 beri
770 3917 963 3995 Florentiae
987 3920 1180 4013 jusserunt,
1205 3921 1248 3994 ad
1271 3943 1362 4015 quae
1381 3921 1556 3994 ,finitimos
1591 3943 1746 4014 quosque
1786 3939 1952 3998 venturos

610 4057 860 4129 speraverant.
886 4039 980 4112 Misit
1006 4063 1143 4134 quoque
1165 4041 1325 4118 Pontifex
1348 4045 1451 4116 Senas
1475 4043 1610 4116 Petrum
1643 4039 1850 4116 Petrutcium
1885 4041 1952 4114 tta·

611 4157 741 4254 phaelis
766 4157 905 4236 fratrem
930 4164 965 4232 dc
989 4161 1091 4236 Urbis
1113 4161 1338 4250 Senatorem,
1368 4185 1526 4238 necnon
1551 4159 1795 4250 Hieronymum
1834 4163 1948 4232 Cenu-

611 4275 726 4364 tium,
752 4281 935 4367 camerae,
959 4299 999 4358 ut
1024 4282 1144 4376 ajunt,
1167 4283 1389 4372 Auditorem‚
1413 4286 1472 4379 qui
1496 4307 1555 4376 per
1592 4283 1741 4376 speciem
1776 4280 1954 4364 societatis

609 4389 830 4481 &senionem
860 4398 1036 4490 juvarent.
1062 4402 1127 4506 Sed
1152 4425 1230 4476 cum
1253 4402 1588 4498 Burghesiuslocum
1604 4427 1704 4475 suum
1723 4401 1950 4485 deseruisset,

608 4511 704 4611 lutae
728 4516 804 4594 sine
839 4515 981 4598 vulnere
1005 4522 1192 4617 occuparit
1214 4525 1384 4623 Rapbael,
1406 4545 1514 4627 utque
1540 4526 1701 4605 retinerer
1724 4525 1850 4608 taum
1872 4537 1953 4600 sut·
