4472 5828
634 659 687 752 58'
1020 657 1047 729 L
1095 659 1125 740 E,
1170 661 1204 732 O
1250 661 1282 734 N
1331 667 1345 734 1
1392 655 1414 733 S
1486 661 1527 732 Χ.
1817 741 1821 748 ,

586 801 703 850 netum
727 781 906 868 Senatum,
930 775 987 873 qui
1013 783 1121 854 amico
1139 781 1174 852 in
1189 781 1264 855 illos
1286 783 1399 854 animo
1424 803 1554 873 semper
1571 777 1703 862 fuerat,
1720 780 1915 866 dedissent,

587 922 690 991 seque
723 905 756 972 δι
789 901 946 993 fortunas
972 927 1048 976 suas
1072 903 1119 976 illi
1144 904 1457 986 commendassent,
1484 925 1554 972 non
1578 901 1685 972 verba
1711 899 1812 983 modo
1842 899 1915 972 ho-

587 1019 881 1092 norificentissima
906 1021 1115 1110 retulerunt,
1138 1024 1197 1094 sed
1220 1023 1323 1094 etiam
1350 1023 1491 1093 civitate
1523 1019 1771 1112 nobilitateque
1796 1018 1918 1090 donati

586 1138 704 1212 suere.
730 1144 870 1234 Quanta
900 1161 1011 1214 autem
1039 1144 1080 1214 ad
1103 1143 1211 1214 bonos
1235 1167 1352 1214 omncs
1377 1145 1570 1234 pervenerit
1595 1140 1729 1211 laetitia
1753 1140 1798 1210 ob
1825 1134 1918 1210 redi,

585 1281 657 1333 tum
686 1261 919 1332 Mediceorum
945 1261 979 1331 in
1006 1263 1172 1353 patriam,
1198 1289 1268 1338 non
1293 1253 1403 1338 solum
1428 1265 1509 1356 quia
1534 1261 1770 1333 existimabant
1799 1277 1918 1350 pacem

585 1386 617 1454 dt
645 1380 790 1452 salutem
815 1381 981 1454 redditam
1005 1381 1122 1456 ltaliae
1140 1382 1273 1470 fuisse,
1299 1389 1478 1459 sedetiam
1502 1386 1586 1480 quia
1610 1382 1791 1472 sperabant
1818 1377 1918 1464 fore,

585 1519 624 1570 ut
650 1501 816 1591 pristinus
841 1497 1216 1578 honor'restitueretur
1242 1507 1399 1599 ingenuis
1426 1507 1576 1589 artibus,
1601 1527 1687 1595 quae
1713 1500 1831 1572 iisdem
1857 1518 1919 1586 pe-

585 1647 628 1694 ne
652 1618 809 1692 fidelibus
839 1621 982 1694 obrutae
1007 1623 1233 1712 videbantur,
1259 1649 1301 1696 ex
1324 1626 1448 1698 litteris
1474 1625 1563 1696 Petri
1594 1621 1707 1694 Bembi
1733 1619 1775 1688 ad
1807 1621 1919 1688 loan-

584 1765 662 1818 nem
686 1738 900 1814 cardinalem
925 1741 1068 1835 intelligi
1093 1761 1231 1834 potest.
1257 1743 1333 1818 Tali
1353 1747 1455 1818 modo
1472 1745 1571 1816 finem
1586 1740 1704 1814 habuit
1718 1738 1918 1821 diuturnum

515 1909 519 1914 -
583 1863 818 1938 Mediceorunt
841 1859 1001 1950 exilium,
1026 1885 1090 1936 nec
1116 1888 1198 1938 sane
1224 1865 1322 1941 facile
1347 1865 1473 1938 dixeris
1496 1884 1611 1936 utrum
1633 1867 1778 1935 loannes
1794 1853 1918 1926 clarioa

584 1983 690 2060 tuerit
721 1985 757 2058 in
782 2003 975 2076 prospera,
999 2009 1101 2077 quarn
1125 1985 1162 2057 in
1187 1986 1328 2058 adversa
1352 1985 1518 2057 fortuna.
1544 1984 1578 2055 Si
1603 2007 1684 2055 vera
1709 1998 1811 2062 sunt,
1827 1997 1916 2068 quae

584 2109 705 2178 Petrus
730 2101 992 2194 Alcyoniusilli
1017 2104 1156 2192 tribuit,
1182 2129 1259 2176 cunt
1284 2106 1516 2198 disputantem
1539 2106 1580 2177 de
1606 2101 1710 2176 exilio
1735 2121 1813 2169 cum
1832 2092 1918 2167 iulio

584 2223 830 2301 &Laurentio
856 2222 1065 2308 induxisset,
1091 2224 1163 2296 sine
1196 2224 1300 2297 dubio
1330 2227 1440 2318 ipsum
1464 2222 1699 2298 assimilaveris
1723 2215 1862 2290 summis
1879 2211 1918 2283 iis

585 2345 669 2421 viris
680 2392 693 2430 ‚
716 2367 804 2440 quos
820 2345 1008 2438 antiquitas
1028 2336 1188 2439 tanquam
1208 2344 1394 2420 clarissima
1413 2346 1568 2438 exempla
1591 2339 1829 2423 constantiae,
1847 2354 1918 2406 ma·

584 2466 821 2561 guanintitatis
856 2483 960 2560 atque
993 2466 1191 2556 prudentiae
1216 2467 1396 2558 proposuit
1422 2467 1465 2540 ad
1486 2464 1709 2538 imitandum.

682 2591 815 2660 Interea
846 2583 1004 2676 peruenit
1032 2573 1239 2678 Florentiam
1275 2588 1499 2662 Curcensium
1535 2585 1727 2678 Episcopus
1765 2576 1921 2652 Caesaris

582 2707 748 2800 legatus,
774 2705 833 2778 cui
855 2704 1200 2805 Pontifexmandata
1223 2707 1383 2796 dederat,
1413 2723 1453 2798 ut
1480 2703 1698 2778 Florentinos
1724 2702 1760 2773 in
1784 2697 1850 2770 fide
1869 2719 1922 2767 er·

584 2849 629 2919 ga
652 2847 690 2898 se
715 2823 953 2914 confirmaret,
967 2815 1190 2920 'omninoque
1215 2829 1258 2901 ab
1283 2826 1459 2903 Gallorum
1474 2828 1628 2921 partibus
1645 2838 1814 2898 averteret
1827 2865 1836 2886 .
1850 2816 1922 2886 Ob·

583 2945 676 3020 viam
701 2943 753 3018 illi
776 2947 946 3040 processit
969 2949 1115 3020 loannes
1141 2949 1177 3022 in
1202 2947 1484 3044 Cafaggiolanum
1507 2971 1630 3032 suum,
1656 2945 1693 3017 in
1729 2965 1799 3036 quo
1824 2934 1919 3030 regio

582 3062 684 3154 plane
709 3085 875 3158 apparatu
898 3065 993 3137 illum
1018 3069 1177 3150 excepit.
1203 3073 1320 3152 Neque
1343 3073 1455 3132 turnus
1479 3067 1634 3151 studuit,
1656 3085 1697 3136 ut
1714 3091 1734 3138 a
1751 3060 1922 3134 Florenti-

582 3186 638 3257 nis
662 3187 758 3258 omni
781 3185 952 3258 honorum
977 3201 1100 3276 genere
1119 3181 1173 3253 vir
1198 3179 1417 3272 superbus&
1441 3183 1734 3258 ambitiosissimus
1769 3181 1922 3266 deeora-

581 3325 677 3380 retur
704 3307 747 3380 ad
772 3304 1020 3380 testificandam
1045 3302 1241 3375 memoriam
1264 3299 1507 3376 beneficiorum
1532 3323 1752 3395 acceptorum
1766 3353 1776 3372 .
1792 3303 1925 3384 Omnes

585 3443 668 3496 vero
694 3425 855 3514 captabat
880 3423 1083 3498 occasiones
1109 3420 1302 3498 obledlandi
1326 3421 1512 3516 populum,
1537 3425 1783 3518 evertendique
1822 3443 1920 3492 men-

586 3559 639 3620 tes
662 3544 838 3618 hominum
864 3543 1047 3636 apublicis
1072 3545 1192 3646 rebus,
1216 3549 1252 3620 δι
1288 3567 1377 3640 quos
1411 3545 1505 3616 dedit
1537 3544 1637 3617 ludos
1676 3549 1711 3616 δι
1743 3539 1930 3634 speeiacu·

568 3663 617 3736 ,la
634 3664 670 3738 in
683 3664 914 3740 saturnalibus
940 3665 1056 3756 feriis,
1078 3667 1167 3742 satis
1189 3666 1413 3742 declarabant
1431 3665 1479 3740 nil
1502 3665 1569 3738 nisi
1583 3664 1799 3758 magnificum
1819 3667 1853 3735 dr
1867 3683 1926 3736 ex·

583 3781 713 3858 celsum
737 3783 831 3860 illum
855 3785 1041 3864 deleiiare.
1066 3790 1208 3865 Minime
1233 3787 1419 3863 defuerunt
1445 3805 1587 3878 poetae,
1612 3787 1674 3880 qui
1698 3787 1735 3858 in
1753 3781 1926 3858 laudanda

582 3907 835 3999 magnificentia
856 3913 891 3985 tc
915 3909 1137 4004 apparatione
1162 3909 1379 4004 popularium
1402 3907 1598 4002 hujusmodi
1618 3929 1794 3980 munerum
1808 3923 1924 3978 musas

572 4025 812 4132 imrecarunt,
838 4034 872 4109 bt
894 4053 1003 4125 genus
1025 4049 1101 4104 erat
1125 4029 1384 4120 oblet'lamenti,¹
1403 4032 1438 4102 in
1470 4051 1540 4125 quo
1575 4029 1700 4102 artium
1735 4023 1925 4098 liberalium

586 4140 968 4366 MQS
995 4151 1097 4226 facile
1126 4153 1250 4244 primas
1275 4152 1523 4230 concederent.
1558 4155 1648 4226 Tum
1672 4173 1810 4247 quoque
1850 4142 1923 4219 ²4¹²

586 4246 653 4318 tuit
678 4267 797 4317 00m00
924 4297 1002 4344 nam
1026 4275 1218 4348 Bernartius
1244 4277 1405 4350 Domitius
1424 4278 1501 4372 ejus
1523 4277 1667 4348 hortatu
1689 4273 1841 4354 fecerat,
1857 4268 1931 4340 eui·
2026 4367 2030 4372 ⁵

588 4391 655 4460 ‘lu‘
679 4361 868 4484 Cdffndm
893 4367 1273 4560 ΜΜΜ
1298 4400 1382 4471 baec
1408 4399 1534 4472 referta
1557 4415 1608 4468 est
1633 4414 1757 4486 genere
1782 4387 1923 4484 jocandi

579 4483 757 4583 eleganti,
790 4487 940 4580 tribano,
966 4484 1167 4584 ingenioso,
1210 4495 1750 4585 mmmmm,
1766 4517 1918 4572 „pm
