4472 5828
753 633 784 735 .V
881 637 894 701 1
994 634 1023 702 T
1122 633 1152 700 A
1564 647 1611 722 ²9

329 767 409 855 runt
440 743 670 822 Mediceorum
705 753 742 851 Ι81
785 749 950 822 Vitellotii
984 753 1191 835 conatibus,
1227 755 1260 824 81
1291 753 1454 826 audacius
1486 751 1663 840 Gallorum

330 871 431 942 minis
464 871 685 942 restiterunt.
717 873 780 942 Sed
810 873 835 942 ii
861 896 995 964 quoque
1036 873 1255 944 succumbere
1295 875 1470 946 &cedere
1502 872 1666 944 fortunae

329 987 437 1094 101111
461 985 599 1063 suerunt
615 993 774 1084 ,quique
799 1015 874 1064 curn
899 969 964 1068 suo
996 991 1145 1092 periculo
1170 992 1313 1066 salutern
1339 991 1538 1091 reipublicae
1564 1012 1664 1062 attu-

329 1107 465 1198 lerant,
490 1111 804 1184 omnicrudelitate
831 1135 850 1214 a
875 1086 1077 1182 Florentinis
1114 1132 1235 1182 contra
1270 1113 1515 1186 fiderndatam
1548 1113 1664 1186 Gallo·

333 1227 979 1322 1113111111111111111011106).
1015 1232 1168 1304 proferto
1204 1235 1232 1303 si
1268 1233 1492 1320 Vitellotius,
1530 1253 1676 1324 recepta.

332 1351 510 1438 Cortona,
536 1351 1120 1437 1101111111,1111110111111111111,
1148 1375 1256 1443 neque
1283 1371 1414 1442 tempus
1440 1355 1666 1442 consumpsis-

330 1487 384 1542 set
408 1470 443 1539 in
467 1473 694 1574 expugnando
718 1476 828 1568 Burgo
853 1477 884 1544 S.
914 1470 1068 1562 Sepulcri
1103 1473 1255 1560 proxima
1291 1470 1525 1574 Tifernatibus
1560 1476 1666 1560 urbe,

331 1611 432 1684 quam
458 1613 520 1680 pro
545 1593 691 1694 praemio
715 1597 863 1684 suscepti
884 1592 962 1666 belli
987 1591 1048 1665 sibi
1074 1592 1334 1678 destinaverat,
1360 1594 1394 1663 111
1420 1616 1542 1684 magna
1565 1593 1666 1682 trepi-

330 1711 467 1796 datione
492 1710 619 1805 poppli
631 1710 841 1797 Florentini,
869 1719 901 1786 81
927 1735 1115 1814 temporum
1142 1737 1320 1814 rerumque
1359 1713 1586 1798 confusione,
1612 1736 1668 1782 ce·

234 1884 239 1894 .
330 1849 403 1910 tera
429 1827 588 1931 prospere
614 1837 723 1934 Petro
738 1834 938 1915 cessissent.
963 1835 1026 1906 Sed
1053 1834 1117 1906 suit
1143 1836 1209 1907 hoc
1221 1833 1302 1936 ejus
1326 1827 1454 1917 sarum,
1479 1852 1517 1902 tn
1541 1853 1667 1922 perpe-

329 1954 400 2028 tuis
427 1956 572 2050 jarlattrs
593 1927 764 2024 fludiibus
773 1928 1013 2028 terramillam
1048 1956 1194 2026 revisere
1220 1955 1312 2025 baud
1336 1954 1508 2042 potuerit,
1529 1952 1566 2020 in
1597 1976 1665 2044 qua

330 2089 382 2142 tot
407 2092 505 2160 erant
529 2076 692 2168 maiorum
717 2095 857 2144 suorum
884 2073 1087 2150 immortalia
1116 2077 1355 2144 monthmenta
1387 2077 1538 2154 Interea,
1573 2071 1666 2160 quod

288 2229 291 2236 ·
332 2193 403 2280 spei
422 2211 495 2262 erat
521 2190 691 2290 reliquae,
720 2193 926 2292 tentandum
935 2191 1112 2270 Gallorum
1135 2195 1258 2281 Regem
1276 2207 1485 2260 existimavit
1504 2187 1667 2280 quidnam

329 2313 513 2402 propositi,
540 2329 599 2390 aut
619 2309 865 2419 voluntatisad
884 2337 919 2386 ss
944 2313 1197 2391 restituendum¹
1219 2293 1379 2390 haberet.
1405 2311 1564 2386 Omnium
1589 2329 1671 2380 tem·

330 2453 450 2522 porum
477 2431 618 2526 injurias
642 2432 857 2528 inimieorum
884 2435 919 2504 in
936 2458 981 2510 se
1006 2453 1269 2542 commemorat,
1295 2433 1471 2525 aquibus
1497 2427 1666 2528 didudlom

329 2554 364 2627 &
389 2551 836 2653 depravatumpoderinium
857 2573 996 2638 narrat,
1021 2579 1149 2658 novum
1171 2557 1205 2626 in
1213 2552 1416 2661 Republica
1438 2547 1675 2622 introdummt

329 2669 520 2760 exemplum
543 2672 724 2768 queritur,
752 2694 790 2744 111
818 2673 845 2742 11
867 2692 1050 2779 perpetuus
1076 2651 1249 2744 vexillifer
1287 2691 1485 2761 crearetur,
1521 2667 1679 2758 exponit.

326 2789 461 2864 demum
487 2815 523 2861 se
549 2793 652 2861 tantis
671 2791 707 2860 in
725 2792 891 2882 angustiis
917 2792 964 2860 rei
991 2772 1160 2864 familiaris
1185 2815 1280 2878 esse,
1305 2809 1343 2864 ut
1369 2788 1423 2861 vel
1449 2786 1578 2860 dotalia
1602 2787 1668 2858 bo-

327 2930 374 2980 na
398 2908 631 3008 Alpbonsinae
657 2910 813 3002 conjugis
841 2909 1061 3000 oppignorari
1087 2910 1224 2984 coaetus
1257 2911 1388 3011 fuerit.
1422 2913 1534 3007 Pauca
1567 2907 1665 3000 ejus·
1682 2921 1691 2936 ·

327 3024 404 3126 dem
428 3031 576 3126 generis
583 3029 684 3130 addit
718 3053 806 3106 curn
820 3029 1044 3106 excusatione
1068 3031 1148 3144 sui,
1176 3031 1317 3124 quod'
1308 3030 1350 3102 tis
1391 3029 1607 3112 adhaeserit,
1643 3050 1664 3098 a

327 3121 453 3247 quibus
476 3119 622 3238 perditas
648 3173 700 3223 res
719 3171 813 3252 111111
831 3149 968 3254 restitui
993 3173 1093 3240 posse
1132 3170 1375 3261 speraverat
1372 3151 1529 3228 Patuere
1564 3148 1664 3239 Regis

329 3289 441 3340 aures.
451 3238 789 3358 expostulationibus
811 3269 931 3372 Petri,
936 3273 980 3342 81
1004 3270 1086 3362 quia
1111 3295 1154 3349 ea,
1175 3291 1379 3363 tempestate
1401 3273 1570 3370 iugens
1536 3291 1673 3340 accen

325 3409 403 3460 sum
441 3407 515 3468 erat
553 3383 696 3458 bellurn
718 3388 829 3490 inter
857 3385 968 3478 ipsum
1018 3393 1053 3463 81
1091 3392 1341 3507 Ferdirpandum
1374 3389 1558 3500 Hispaniam
1590 3389 1664 3456 Re-

327 3529 402 3600 gem
428 3529 551 3581 caussa
574 3507 689 3580 finium
714 3507 932 3597 Neapolitani
966 3510 1098 3604 Regni,
1137 3511 1230 3602 quod
1256 3487 1448 3600 ademptum
1479 3480 1659 3626 dragoniis

326 3624 485 3720 legitimis
510 3627 695 3700 dominis'
686 3651 774 3702 mter
801 3653 837 3704 se
859 3630 1071 3712 diviserant,
1107 3630 1323 3702 commissum
1353 3633 1452 3702 Petro
1490 3623 1658 3715 11111,111
1750 3623 1752 3627 ’

325 3744 523 3836 defenderet
551 3749 767 3822 Cassinatum
805 3769 981 3837 montem,
1019 3751 1056 3823 in
1089 3775 1158 3844 quo
1197 3773 1249 3824 est
1266 3751 1665 3860 Benedidliuprunt
1618 3748 1663 3822 il·

325 3861 459 3967 lusere
467 3869 737 3952 monasterium,
762 3869 897 3962 cujus
908 3887 981 3942 erat
1018 3872 1186 3952 Antiates
1204 3832 1347 3953 loannes
1377 3853 1589 3943 cardinalis.
1623 3871 1694 3941 In..

327 4001 440 4078 castra
460 3987 540 4059 inde
564 3987 742 4094 Gallorum
766 3990 880 4099 venit,
903 4013 964 4096 qur
955 3989 1031 4060 ad
1056 3990 1167 4088 Lirim
1179 3990 1426 4062 consederant.
1436 3961 1532 4068 brit
1552 3991 1673 4084 11111111

325 4077 471 4190 periculi
496 4127 574 4189 res,
600 4128 693 4207 cum
691 4127 781 4196 post
806 4085 993 4180 discessum
1019 4109 1195 4182 Francisci
1233 4113 1433 4200 Gonzagae
1444 4112 1661 4206 Mantuano

324 4245 418 4292 rum
430 4224 604 4314 Principis
618 4197 763 4304 duces
755 4245 843 4310 mter
868 4249 905 4298 se
930 4227 1068 4298 invidia
1092 4233 1127 4300 81
1164 4225 1391 4300 aemulatione
1416 4199 1659 4306 dissiderent,

323 4337 620 4434 dimicandumque
646 4363 736 4414 esset
759 4369 837 4416 cum
863 4346 1036 4420 Consalvo
1064 4352 1097 4420 s<
1124 4347 1227 4431 animi
1252 4339 1501 4460 magnitudines
1538 4343 1572 4410 81
1608 4343 1659 4416 rei

322 4456 477 4536 1111111111
502 4463 647 4540 scicntia
670 4466 744 4542 viro
753 4468 974 4576 praestanti,
993 4455 1054 4560 qui
1068 4469 1216 4580 propius
1224 4473 1453 4580 accesserat,
1477 4439 1660 4580 omniaque
