4392 5838
558 628 627 678 200

584 723 662 796 isque
684 721 716 778 de
732 739 761 784 ee
783 719 1210 804 iprotertntur(0pet.i!01.
1235 721 1273 796 ii.
1295 741 1324 803 p.
1350 718 1439 799 μς.)
1471 722 1587 804 muitum
1610 743 1696 802 neque
1725 724 1833 802 inutili·

587 840 630 885 ter
649 826 815 892 laborasse,
837 840 867 884 ut
888 825 991 888 Carolo
1022 825 1055 886 V.
1079 827 1234 883 Romanum
1256 827 1403 902 imperium
1436 829 1642 914 iecerneretnr.
1663 827 1764 900 Aiium
1787 829 1832 887 uel

586 947 669 990 antea
697 931 793 1006 suerat
827 933 859 990 de
880 933 997 990 creando
1018 931 1071 989 iilo
1091 929 1282 990 Romanorum
1305 929 1403 1007 Rege.
1424 931 1468 988 cui
1489 917 1625 994 desiderio
1648 931 1834 991 Maximilia·

588 1037 617 1094 ni
640 1036 768 1094 Caesaris
789 1033 898 1094 obstate
919 1034 1080 1102 uidebatur,
1102 1032 1239 1110 quoditie
1261 1054 1279 1092 a
1301 1033 1435 1114 Pontifice
1465 1035 1580 1094 ntinime
1608 1053 1736 1094 eoronam
1757 1053 1832 1092 acce·

582 1143 696 1216 pirset.
723 1139 750 1196 le
772 1151 862 1196 aetate
883 1138 942 1214 jam
963 1135 1129 1217 proveetum
1151 1134 1216 1212 (ait
1233 1135 1408 1196 Gerardura
1430 1137 1495 1196 Roo
1517 1134 1580 1196 Lib.
1604 1157 1651 1196 ia.
1666 1137 1833 1218 pug·601·)

585 1261 614 1300 ae
635 1241 835 1309 considerant,
857 1240 918 1300 tire
941 1254 1064 1300 mortem
1087 1235 1162 1298 haud
1181 1235 1280 1320 procul
1303 1234 1397 1304 abesse
1420 1235 1518 1296 animo
1540 1238 1738 1320 praesagiens,
1765 1258 1833 1300 curn

585 1343 769 1425 septemviris
791 1341 966 1402 Electoribue
989 1339 1127 1422 Imperii,
1149 1340 1200 1422 qui
1220 1353 1330 1422 praeter
1350 1337 1504 1400 Bohemiae
1526 1343 1637 1424 Regem
1670 1343 1833 1423 Augustam
1948 1415 1951 1422 .

585 1465 685 1505 ornnes
707 1460 864 1514 venerant,
885 1445 921 1504 de
942 1445 1047 1508 Carolo
1068 1446 1180 1528 Nepote
1202 1444 1234 1506 in
1248 1435 1251 1442 “
1266 1447 1464 1506 Romanorum
1485 1447 1598 1526 Regem·
1616 1442 1751 1526 eligendo
1771 1463 1844 1526 age..

587 1566 616 1607 re
637 1547 748 1628 coepit,
770 1568 894 1632 cumque
914 1547 983 1608 nori
1004 1547 1129 1632 exempli
1149 1565 1194 1607 res
1215 1561 1310 1616 eruet,
1332 1549 1449 1608 Caesare
1480 1544 1610 1606 nondum
1645 1565 1661 1605 a
1690 1544 1833 1606 Pontifice

586 1669 740 1719 coronato,
761 1652 870 1733 Regem
892 1651 979 1736 eligi,
998 1651 1031 1710 in
1052 1649 1186 1712 Concilio
1208 1649 1386 1731 propositum
1407 1645 1462 1709 fuit
1484 1668 1518 1708 eo
1545 1646 1742 1708 inducendum
1758 1651 1829 1710 Leo·

589 1772 674 1822 nem,
705 1771 737 1814 nt
759 1775 912 1823 coronam,
934 1762 962 1816 ot
984 1755 1038 1816 alia
1059 1752 1261 1836 Imperatoriae
1294 1751 1444 1834 dignitatis
1474 1750 1598 1832 insignia
1619 1770 1670 1834 per
1692 1753 1854 1834 Legatum·

588 1853 758 1918 conferenda
790 1859 823 1917 in
854 1859 1040 1918 Germaniam
1062 1857 1180 1918 mittat.

506 1959 570 2042 (63)
592 1960 717 2022 litterae
738 1961 919 2022 Baitiararie
942 1963 1133 2031 Curtilionii,
1156 1963 1309 2041 dequibus
1331 1983 1399 2023 mox
1419 1963 1583 2023 mentionem
1602 1960 1768 2037 faciemus,
1791 1961 1836 2019 de·¹

587 2064 696 2124 cierent
716 2063 803 2144 officia
821 2067 908 2142 pleno
929 2068 1091 2127 suavissimi
1111 2067 1197 2128 studii
1220 2067 1320 2128 Leonis
1341 2071 1370 2128 in
1392 2069 1545 2148 Carnium„
1562 2055 1598 2128 6·
1617 2063 1834 2144 mutuomirujue

586 2169 755 2230 voluntatem
777 2171 807 2230 in
829 2171 949 2248 Leonem
969 2170 1075 2246 iprum.
1097 2169 1209 2232 Mirum
1230 2189 1294 2230 vero
1317 2171 1405 2231 videri
1428 2173 1506 2232 debet
1517 2171 1611 2230 eodem
1630 2184 1750 2244 tempore
1772 2168 1837 2225 Do·

587 2273 688 2334 vitium
710 2273 906 2346 cardinalem,
926 2277 976 2353 qui
997 2276 1027 2336 in
1052 2273 1154 2334 Gallia
1180 2273 1302 2350 legatum
1328 2271 1472 2351 Pontisscir
1492 2274 1621 2350 agebat,
1652 2289 1734 2329 auree
1754 2287 1836 2345 prae·

591 2373 683 2436 iuirre
704 2377 800 2454 Regi,
822 2380 869 2454 qui
891 2379 970 2437 nulla
992 2397 1045 2436 non
1064 2395 1144 2452 prece
1163 2396 1183 2436 a
1206 2375 1338 2456 Pontifiee
1363 2376 1550 2451 postulabat,
1577 2390 1609 2434 ut
1637 2373 1768 2438 Carvium
1797 2375 1835 2432 od

589 2469 778 2554 accipiendam
801 2481 911 2542 Romae
933 2484 1082 2542 Caesarum
1103 2497 1231 2538 eoronam
1252 2479 1407 2540 invitaret.
1428 2479 1473 2538 Eo
1493 2479 1566 2539 enim
1586 2477 1612 2537 ri
1632 2477 1751 2539 venisset
1771 2495 1831 2534 eum

591 2581 701 2656 copiis,
721 2583 829 2645 obviam
852 2605 881 2644 re
902 2585 949 2644 iili
971 2585 1072 2643 iturum
1094 2585 1160 2643 totis
1175 2584 1232 2641 ruis
1253 2581 1372 2648 uiribus,
1385 2581 1555 2658 spopondit.
1579 2579 1661 2640 Haec
1694 2579 1835 2640 Domitius

592 2685 671 2760 ipre.
693 2685 719 2744 ll
739 2685 967 2748 Crietianieeimo
988 2681 1118 2746 conforta
1146 2685 1254 2745 Nostro
1275 2684 1432 2767 Signorea
1459 2701 1519 2744 non
1546 2678 1589 2742 far
1619 2699 1685 2742 cota
1716 2679 1768 2740 che
1795 2679 1838 2742 eia

590 2783 657 2848 fuor
677 2787 743 2848 dell·
761 2807 868 2859 onore,
890 2789 958 2849 dell'
980 2788 1102 2850 autoriti
1123 2793 1150 2847 ει
1171 2785 1247 2846 della
1269 2783 1382 2868 digniti
1401 2803 1470 2854 aua,
1490 2789 1519 2844 ot
1538 2783 1570 2846 di
1590 2783 1686 2868 quella
1704 2787 1731 2845 S.
1751 2783 1838 2846 Sede.

417 2933 421 2940 .
454 2919 474 2975 χ
589 2893 629 2952 Et
650 2909 699 2974 per
720 2906 830 2974 questo·
842 2908 930 2952 coneo
951 2912 1034 2952 come
1055 2891 1250 2976 primogenito
1272 2889 1348 2951 della
1369 2888 1473 2950 Chieaa
1494 2888 1637 2964 &buono
1650 2885 1841 2949 &obhedien-

590 3007 621 3053 te
641 2994 783 3056 Servitoie
804 2992 835 3055 di
856 2993 895 3056 N.
915 2997 942 3056 S.
963 2990 1113 3065 offerisce.
1131 2992 1329 3078 bisognando.
1349 3013 1365 3056 a
1393 2996 1421 3054 8.
1443 2992 1625 3054 Beatitudine
1645 2992 1673 3052 ie
1701 2990 1801 3076 genti,
1830 2987 1849 3054 i

591 3094 712 3167 denari.
732 3097 762 3159 io
782 3113 858 3159 stato
870 3103 898 3158 ot
913 3097 942 3160 la
961 3117 1099 3182 persona,
1118 3105 1177 3159 'eon
1198 3097 1226 3158 la
1246 3095 1352 3180 quale,
1372 3101 1401 3156 ot
1422 3114 1478 3156 ton
1497 3095 1595 3179 quello
1615 3091 1709 3156 eforzo
1728 3091 1783 3154 che
1804 3093 1843 3155 N.

591 3200 620 3260 S·
642 3197 739 3270 inni,
763 3201 827 3262 dice
848 3200 900 3262 che
921 3205 1003 3264 verri
1022 3201 1055 3263 in
1075 3200 1267 3274 Lombardia.
1289 3201 1321 3264 in
1343 3205 1487 3273 Teutana,
1507 3221 1524 3264 a
1545 3202 1691 3271 Roma.e
1711 3216 1768 3260 ove
1787 3198 1840 3283 piu

592 3299 704 3384 piaceri
725 3325 742 3365 a
763 3309 791 3366 S.
812 3309 847 3364 Β.
868 3307 943 3366 Atia
962 3327 1027 3368 uero
1047 3307 1078 3369 in
1098 3307 1219 3385 epistola
1240 3309 1278 3368 od
1308 3307 1419 3369 Iulium
1441 3305 1620 3387 cardinalem
1652 3303 1841 3383 (nantillam

590 3409 759 3482 superiorem
782 3411 895 3473 deterat
916 3414 954 3474 ad
975 3413 1182 3492 Laurentium)
1200 3413 1266 3472 ait.
1288 3409 1311 3472 Ε
1331 3413 1382 3492 qui
1403 3408 1447 3490 (il
1469 3409 1536 3486 Re)
1556 3407 1581 3470 ei
1601 3407 1706 3470 distese
1728 3408 1842 3473 aaaaiin
1879 3487 1882 3492 Ι

591 3503 698 3578 dimi,
720 3509 772 3570 che
792 3512 821 3572 io
841 3534 891 3596 per
912 3514 940 3574 le
960 3514 1018 3574 mie
1040 3513 1143 3575 tolensi
1164 3535 1215 3597 pen
1235 3533 1286 3576 tua
1307 3531 1386 3598 parte
1406 3513 1609 3598 persuaderet
1631 3514 1669 3574 N·
1689 3515 1718 3574 S.
1737 3517 1767 3572 δι
1787 3513 1842 3590 alla

592 3606 723 3691 signoria
744 3631 840 3676 vostra
860 3617 1127 3689 Reverendiseima.
1149 3615 1202 3680 che
1222 3617 1327 3700 poiche
1348 3617 1380 3680 in
1401 3637 1487 3682 mano
1508 3616 1539 3678 di
1560 3621 1587 3679 S.
1612 3619 1640 3679 S.
1667 3637 1715 3678 era
1735 3617 1754 3678 1·
1765 3637 1842 3679 onor

593 3730 646 3775 euo
666 3715 776 3796 prima,
798 3725 828 3778 δι
845 3720 896 3804 poi
916 3720 942 3786 la
963 3723 1178 3787 conservatione
1199 3722 1266 3784 dell·
1279 3723 1402 3785 notoriae
1421 3727 1450 3784 δι
1471 3723 1576 3784 eicurti
1595 3741 1655 3784 non
1681 3723 1743 3783 eolo
1764 3721 1841 3786 delia

558 3867 562 3876 .
593 3814 666 3878 Sede
687 3820 877 3900 Apennino,
900 3845 949 3885 ma
968 3824 1055 3886 etiam
1076 3824 1109 3886 'di
1131 3829 1247 3898 Roma,
1270 3827 1302 3888 di
1322 3827 1459 3888 Fiorenaa
1476 3869 1484 3894 ‚
1499 3831 1528 3886 δι
1549 3823 1715 3887 finalmente
1735 3821 1768 3884 di
1786 3839 1845 3900 tuo

595 3919 751 3992 miralia,
773 3941 823 4004 per
845 3921 955 3986 l'amor
975 3926 1007 3989 di
1029 3927 1088 3988 Dio
1107 3929 1203 4010 quella
1224 3949 1286 3992 non
1314 3929 1423 3994 volesne
1453 3927 1589 3992 mandare
1615 3927 1695 3988 detta
1723 3943 1846 3993 corona.

596 4021 674 4085 dalla
694 4025 779 4107 quale
799 4025 924 4110 dipende
944 4043 1024 4092 tutto
1044 4031 1067 4090 il
1087 4049 1182 4092 resto.
1206 4035 1244 4092 Et
1264 4052 1314 4114 per
1334 4051 1395 4093 non
1417 4051 1504 4116 negat
1524 4033 1551 4094 la
1573 4051 1693 4100 comna,
1712 4028 1846 4090 chonon

595 4125 670 4188 saria
690 4128 803 4211 giumo,
815 4129 916 4193 dices.
937 4133 981 4193 Μ.
1002 4130 1055 4194 che
1075 4133 1115 4194 tt.
1135 4136 1162 4194 S.
1183 4133 1247 4195 dica
1266 4154 1340 4195 esser
1362 4132 1581 4194 cotttentiesimo
1595 4133 1625 4194 di
1647 4131 1783 4217 dargiiela
1796 4131 1845 4194 nel
1955 4207 1976 4222 f

557 4313 561 4322 Ι
584 4228 704 4303 modo,
725 4229 779 4292 che
799 4230 929 4298 l'hanno
949 4234 1056 4298 havuta
1076 4237 1148 4298 tutti
1168 4237 1179 4297 i
1199 4235 1262 4297 suoi
1294 4236 1506 4305 Predeceeaori‚
1529 4234 1675 4308 etberto,
1707 4237 1845 4318 Emito,

522 4407 535 4418 ..
593 4333 682 4395 Cario
703 4337 758 4396 tv.
771 4377 783 4407 ,
798 4335 937 4410 Riduna,
960 4337 1152 4410 Vinciaiao,e
1172 4337 1374 4400 ultimamente
1393 4337 1529 4400 federico
1542 4357 1594 4402 auo
1612 4339 1722 4408 Padre.
1741 4337 1846 4422 iquali

594 4435 659 4498 dice
679 4457 729 4498 ana
750 4439 975 4503 Crimianieeima
996 4443 1106 4504 Maesti
1125 4441 1177 4504 che
1197 4461 1323 4505 venneto
1340 4465 1356 4505 a
1372 4445 1488 4514 Roma.
1506 4460 1523 4503 e
1549 4439 1654 4504 furono
1683 4441 1847 4505 incoronari

594 4559 648 4628 ,pet
668 4560 756 4612 mano
776 4540 823 4625 de,
842 4544 914 4632 Papi
932 4563 987 4630 pro
998 4559 1136 4644 ‚tempore
1156 4545 1306 4614 eristenti.
1325 4549 1393 4616 Coti
1411 4563 1499 4633 perga
1517 4544 1541 4614 it
1562 4547 1608 4610 ne
1627 4545 1680 4611 che
1699 4549 1766 4610 ἃς.
1782 4563 1844 4610 non
