4386 5838
623 710 692 778 ιη
1007 689 1035 758 L
1082 687 1110 761 E
1158 686 1192 761 0
1238 690 1270 762 N
1318 691 1333 761 l
1382 689 1405 760 S
1477 681 1520 789 X,
1595 781 1598 788 Ι

569 807 730 880 dinalium
763 805 909 882 ordinem
934 809 1042 908 legere
1064 831 1165 909 osque
1190 812 1374 886 adsciscere
1395 812 1575 899 vellemus,
1601 829 1675 882 com
1700 806 1768 882 tuis
1787 809 1913 906 pretla'

570 927 633 1000 bus
650 931 809 1026 impulsi,
836 950 904 1004 tum
929 934 1037 1028 ipsias
1060 934 1166 1008 allodi
1191 933 1394 1021 uirtutibus,
1418 925 1598 1036 religione,
1634 935 1770 1028 optimis
1803 955 1916 1028 proc·

572 1052 850 1148 tenacissimisque
874 1054 1048 1142 mortim,
1073 1059 1199 1130 demum
1224 1053 1320 1130 etium
1347 1073 1478 1128 vestroe
1494 1055 1648 1147 familiae
1687 1077 1762 1126 curn
1798 1070 1915 1128 nostro
2007 1057 2018 1070 “

572 1173 835 1258 ωηειιειαάίηε,
859 1171 1100 1274 officiorumque
1129 1199 1237 1273 prope
1269 1180 1412 1266 ornniurn
1452 1178 1682 1270 conjunt‘lione
1722 1178 1914 1268 suadente,

573 1292 674 1365 lindie
694 1296 736 1368 de
759 1297 915 1368 Fratrum
940 1319 1083 1372 meontrn
1107 1299 1142 1368 S.
1165 1299 1209 1370 R.
1235 1298 1277 1369 E.
1304 1283 1527 1369 Cordinnliurn
1552 1319 1737 1369 consensu.
1753 1345 1764 1398 .·
1780 1345 1809 1364 ..
1832 1296 1918 1364 Cor·

572 1412 718 1488 alinolem
743 1418 936 1488 nominaui.
960 1421 1119 1490 Bembum
1137 1427 1169 1490 δι
1187 1418 1381 1490 Sadoletum
1400 1419 1573 1490 amicos&
1598 1397 1792 1489 laudatores
1819 1437 1918 1504 prae·

572 1535 696 1609 sertim
722 1535 865 1623 babuit,
889 1542 921 1608 ss
948 1536 1179 1610 nullumsane
1205 1537 1314 1609 laudis
1340 1563 1447 1628 genus
1473 1537 1560 1620 suit,
1596 1541 1687 1632 quod
1731 1541 1766 1609 in
1806 1539 1918 1629 ipsum

564 1654 709 1746 *minime
734 1639 952 1728 conveniret.
981 1659 1073 1750 Quid
1102 1659 1211 1735 dicam
1237 1659 1279 1729 de
1303 1659 1478 1732 Hadriano
1501 1662 1630 1730 Batavo
1647 1663 1819 1757 Episcopo
1838 1661 1924 1732 Der·

574 1775 732 1860 tusensi,
756 1777 815 1868 qui
839 1779 945 1848 Leoni
971 1779 1037 1868 ipsi
1063 1781 1098 1849 in
1129 1779 1331 1850 pontificatu
1355 1778 1550 1860 successit?
1577 1781 1694 1851 Multis
1721 1781 1920 1868 praeclaris·

574 1915 644 1987 que
667 1897 895 1970 monumentis
919 1897 992 1986 ejus
1016 1899 1089 1968 vita
1115 1899 1156 1968 ad
1183 1917 1318 1972 omnem
1342 1901 1538 1975 memoriam
1564 1901 1800 1970 commendata
1844 1923 1919 1972 esse

573 2014 779 2102 videbatur,
800 2039 861 2090 nec
887 2016 969 2090 illud
992 2038 1070 2090 erat
1101 2037 1329 2108 postremum,
1365 2021 1461 2110 quod
1496 2020 1644 2090 Carolus
1677 2021 1920 2108 Hispaniarum

573 2141 650 2213 uex,
674 2137 733 2210 illo
762 2159 1010 2232 praeceptore,
1036 2146 1069 2212 sc
1096 2140 1133 2210 in
1157 2140 1256 2210 rebus
1283 2137 1424 2231 publicis
1450 2139 1607 2231 gerendis
1635 2137 1833 2238 fidelissimo
1857 2138 1921 2207 ad·

573 2261 735 2337 ministro
758 2283 845 2331 usus
868 2259 1003 2332 fuerat,
1022 2260 1141 2352 ltaque
1163 2261 1219 2329 sic.
1241 2259 1392 2352 ejusdem
1424 2261 1605 2350 honorem.
1631 2259 1790 2329 Pontifici
1827 2281 1920 2327 com·

553 2381 773 2463 ¹attendavit,
797 2397 838 2452 ut
869 2403 970 2451 suum
994 2379 1160 2468 judicium
1193 2403 1213 2449 a
1237 2369 1374 2452 nemine
1404 2371 1742 2471 possereprehendi
1772 2396 1926 2470 putave—
2032 2361 2041 2376 ⁵

567 2497 643 2570 ait.
666 2501 745 2573 Non,
767 2500 891 2586 minus,
907 2520 1006 2592 grata
1030 2497 1172 2572 fuerunt
1206 2483 1313 2569 Leoui
1338 2499 1452 2570 studia
1474 2501 1672 2602 Lusitaniae
1698 2500 1823 2592 Regis,
1865 2497 1927 2591 qui

568 2618 673 2712 mullo
698 2643 771 2692 non
807 2639 960 2712 tempore
983 2621 1019 2692 in
1042 2641 1079 2692 se
1100 2626 1133 2692 bt
1157 2621 1192 2692 in
1212 2621 1403 2694 Romanam
1426 2619 1612 2692 Ecclesiam
1637 2621 1804 2714 insignem
1822 2621 1925 2692 bene·

520 2805 526 2811 .
573 2730 767 2813 volentiam
788 2740 1047 2824 declaraverat,
1072 2719 1285 2834 utdibapbo
1316 2743 1496 2814 decoraret
1532 2741 1745 2832 Alphonsum
1780 2745 1852 2834 eius
1892 2740 1932 2811 li·

576 2857 663 2933 lium
685 2881 907 2952 septennem,
931 2863 1023 2958 quod
1049 2887 1089 2935 ea
1113 2863 1312 2936 conditione
1340 2861 1532 2948 concessit,
1556 2886 1600 2932 ne
1626 2862 1701 2954 jura
1725 2865 1758 2932 ὃ(
1780 2861 1929 2954 insignia

472 3041 478 3050 .
574 2980 750 3073 dignitatis
774 2983 970 3064 obtineret,
995 2983 1065 3055 nisi
1097 3003 1184 3059 mlv.
1213 2983 1336 3054 aetatis
1374 3005 1502 3054 annum
1536 2984 1730 3076 attigisset.
1768 2985 1855 3056 Cum
1889 2965 1933 3058 ad

577 3121 660 3172 eum.
680 3103 845 3176 scriberet
881 3105 1028 3180 Bembus
1054 3127 1113 3177 an.
1147 3121 1332 3190 muntem,
1364 3126 1435 3196 quo
1468 3128 1558 3176 anno
1588 3105 1755 3186 decessit,
1790 3103 1931 3176 maximi

575 3241 659 3292 eum
679 3225 790 3316 'Regis
829 3225 996 3306 fratrem,
1032 3230 1069 3298 δι
1103 3223 1214 3296 multa
1243 3221 1429 3311 taurina,
1466 3231 1502 3299 uc
1543 3225 1934 3328 omrribtts2virtt1tibua

380 3329 389 3347 '
468 3423 473 3428 ,
576 3360 801 3432 perornatum
848 3343 1062 3437 appellavit.
1097 3344 1217 3416 Talem
1248 3347 1389 3440 quidem.
1405 3370 1459 3424 ‚se
1489 3347 1684 3438 praebuit,
1731 3363 1770 3416 ut
1805 3345 1842 3418 iu
1889 3366 1935 3420 eo

578 3479 778 3548 expressam
804 3462 986 3558 imaginem
1011 3465 1178 3537 bonitatis
1207 3465 1489 3559 liberalitatisque
1514 3490 1661 3553 omues,
1698 3489 1741 3536 ac
1770 3489 1928 3558 praeser-

576 3577 646 3648 aim
675 3578 840 3669 litterati,
875 3589 909 3656 bt
945 3586 1136 3658 catholicae·
1153 3587 1217 3660 ‘rei
1239 3589 1390 3660 studiosi
1415 3587 1658 3660 intuerentur.
1690 3590 1771 3660 Non
1806 3607 1932 3678 parunt

575 3719 724 3794 quoque
741 3704 937 3776 ornamenti
961 3707 1094 3780 addidit
1117 3709 1390 3800 Purpuratorum
1409 3709 1575 3803 collegio,
1597 3711 1782 3820 sigerus,
1804 3709 1933 3778 hono-

577 3835 664 3905 sae,
685 3823 717 3888 δι
752 3823 822 3895 Dei
844 3827 962 3900 cultus
995 3829 1154 3904 studitum
1174 3827 1326 3920 speeies,
1361 3829 1568 3902 Ludouicus
1603 3828 1797 3900 borbonius.
1827 3823 1928 3918 regia

577 3933 758 4014 Gallorum
782 3944 893 4036 stirpe
914 3930 1032 4031 ortus,
1058 3947 1104 4018 de
1133 3971 1206 4042 quo
1241 3949 1370 4020 merito
1388 3948 1517 4022 diuum
1550 3947 1643 4033 suit,
1670 3945 1805 4018 latuisse
1837 3943 1930 4014 adeo

502 4157 507 4165 Ι
577 4058 653 4146 eius
677 4060 846 4136 uirtutum
868 4064 1111 4158 splendorem,
1137 4085 1180 4139 ut
1202 4065 1260 4140 v'el
1282 4071 1554 4143 obscurissimam
1589 4065 1753 4160 familiam
1782 4063 1935 4134 illustra·

534 4175 539 4184 ’
576 4199 618 4252 ae
645 4182 831 4272 potuisset.
859 4186 921 4258 vir
956 4187 1116 4282 antiquae
1149 4179 1333 4282 probitatis
1360 4214 1401 4261 ac
1428 4190 1646 4272 innocentiae
1667 4181 1864 4278 appellatus
1876 4199 1934 4254 est

575 4299 777 4372 franciscus
809 4304 953 4378 Pisanus
977 4311 1153 4398 Venetus,
1187 4311 1227 4382 in
1250 4289 1324 4404 <piro
1355 4331 1431 4382 tum
1451 4311 1501 4385 nil
1536 4310 1638 4382 aliud
1677 4309 1718 4403 de
1727 4291 1962 4386 sidera'sses,¹

579 4415 651 4488 nisi
675 4424 914 4496 maturitatem
931 4431 1079 4500 aetatis.
1099 4433 1156 4502 De
1173 4430 1355 4506 Bonifatio:
1379 4433 1532 4504 berterio
1566 4431 1679 4520 patria
1715 4424 1929 4528 lemellensi

575 4535 695 4611 neseio
717 4539 801 4634 qnid
822 4542 956 4620 dicam.
980 4546 1271 4644 Diligentissimus
1304 4551 1333 4627 is
1374 4551 1523 4648 quidem
1554 4549 1624 4626 suit
1651 4551 1690 4623 in
1727 4564 1926 4640 promeren-
