4386 5838
684 729 716 798 V
808 729 824 800 l
924 727 955 798 T
1052 721 1084 794 Α
1184 717 1187 724 ’
1477 731 1557 809 ις9·

263 853 384 928 decore
405 845 563 938 maiorum
583 825 794 930 nostrorum,
818 841 850 918 d·
870 868 935 940 per
953 866 1003 956 pu
1006 841 1122 915 blicam
1146 841 1304 924 sulutem,
1327 857 1365 913 ιιι
1384 838 1504 937 legati
1529 858 1593 910 no·

226 969 230 976 ’
265 975 351 1046 mine
384 967 582 1044 utilitatis
570 969 699 1065 imperii
724 988 844 1040 nunus
877 967 1065 1059 suscipias,
1103 961 1137 1038 d·
1169 961 1341 1056 confestim
1374 961 1420 1032 od
1451 957 1502 1032 N
1504 981 1593 1031 ceam

263 1089 440 1190 pervoles'.
467 1064 518 1164 Te
540 1091 628 1190 enim
650 1089 812 1184 auspice,
831 1088 1039 1184 procelosum
1064 1087 1249 1184 laetumque
1270 1081 1349 1157 ituit
1364 1083 1449 1158 bello
1471 1085 1597 1160 existent
1639 1134 1642 1138 -

267 1213 349 1292 Dii
354 1210 469 1308 superi
490 1182 640 1290 dudunt,
663 1205 697 1281 o
723 1210 812 1282 notis
835 1210 985 1281 nostris
1025 1227 1062 1280 us
1098 1210 1134 1279 in
1175 1198 1300 1305 optimo
1328 1198 1480 1292 caussis,
1518 1201 1600 1280 secie

263 1336 388 1434 'pieque
410 1331 575 1428 susceptis
597 1328 839 1404 secundissimis
861 1326 1090 1402 subscribent.
1121 1329 1226 1406 Vale.
1249 1313 1327 1446 Sine
1358 1314 1454 1406 mora
1489 1329 1519 1401 is
1547 1355 1604 1422 pa·

269 1455 342 1534 tuis
375 1450 584 1527 Pontificis
575 1449 695 1546 qussis,
720 1452 860 1546 ejusque
883 1450 1066 1523 adventu
1058 1475 1093 1521 ιιι
1118 1471 1250 1539 castra,
1276 1438 1363 1546 quae
1389 1449 1432 1522 ad
1463 1451 1603 1524 Nice'am
1634 1483 1637 1490 ’

269 1583 402 1650 amnem
434 1573 549 1668 posita
584 1588 708 1657 eraut,
731 1591 833 1662 spes,
868 1569 1021 1654 animus,
1057 1567 1217 1643 alacritas
1251 1572 1403 1646 redditae
1438 1569 1605 1644 exercitui

269 1694 495 1776 videbantur.
520 1693 605 1765 Nam
629 1710 761 1784 praeter
783 1691 978 1782 opinionem
1002 1715 1165 1764 summam
1190 1689 1424 1782 prudentiae
1415 1674 1449 1762 ιιι
1485 1689 1608 1761 consi·

270 1809 328 1888 liis
352 1813 546 1906 capiendis,
571 1812 740 1919 animique
764 1835 845 1887 vere
867 1810 1013 1886 virilis
1004 1835 1041 1882 ιιι
1065 1811 1106 1882 iis
1132 1810 1366 1902 exequendis,
1380 1819 1534 1926 magnam
1559 1835 1611 1884 se·

257 1959 354 2028 ,cum
378 1933 539 2008 afferebat
562 1931 696 2026 argenti
719 1933 812 2008 tim.
852 1935 989 2004 Praeter
1025 1932 1060 2004 id
1097 1929 1297 2042 audoritate
1332 1955 1419 2022 opus
1456 1951 1529 2004 erat
1563 1917 1606 2003 ad

273 2051 530 2150 componendos
553 2051 694 2125 Piscerii
717 2049 750 2126 6·
775 2050 963 2126 Columnae
988 2055 1146 2142 animos,
1180 2035 1322 2146 quorum
1357 2053 1442 2124 alter
1477 2043 1610 2138 irenis,

274 2173 363 2248 alter
395 2174 581 2248 calcaribus
614 2197 712 2268 egere
742 2171 945 2246 videbatur.
980 2173 1127 2248 valuere
1165 2176 1268 2248 etiam
1306 2175 1351 2246 ad
1376 2171 1612 2246 exacuendum

275 2295 392 2368 odium
416 2295 603 2370 Columnae
628 2295 663 2368 in
698 2293 885 2368 Piscarium
905 2295 1006 2392 hujus
1030 2292 1164 2368 litterae
1185 2293 1231 2368 ad
1249 2293 1468 2377 Pontificem,
1490 2293 1615 2386 quibus

275 2438 412 2490 omnem
436 2414 568 2510 culpam
592 2416 750 2490 desertae
774 2415 963 2490 Parmensis
1001 2414 1267 2510 oppugnationis
1298 2414 1336 2486 ιιι
1371 2411 1431 2486 illo
1468 2409 1617 2503 residere

277 2535 488 2612 nunciabat.
507 2537 582 2628 Qui
606 2554 721 2610 autem
745 2534 849 2610 luerit
872 2536 975 2631 hujus
998 2534 1080 2610 belli
1093 2537 1233 2624 exitus,
1256 2534 1351 2630 quod
1372 2534 1450 2612 iulii
1464 2535 1615 2610 nudum

229 2653 232 2658 ’
278 2663 327 2744 ed
348 2656 436 2735 illud
458 2654 730 2744 conficiendum,
754 2653 843 2730 alius
867 2657 934 2730 erit
958 2654 1121 2730 narrandi
1143 2654 1260 2730 locus.

267 2807 269 2814 ’
313 2765 314 2769 “
378 2779 469 2852 Satis
490 2775 607 2851 mirari
631 2799 765 2874 nequeo
790 2781 957 2866 Leonem,
982 2777 1038 2850 cui
1062 2773 1197 2849 litterae
1215 2795 1418 2872 ceteraeque
1440 2795 1530 2852 artes
1555 2801 1620 2872 pn·

278 2897 330 2978 eis
352 2899 517 2986 comites,
542 2922 631 2993 quae
656 2901 746 2973 inter
769 2920 940 2974 armorum
963 2896 1125 2988 strepitus
1149 2898 1246 2972 silere
1268 2897 1401 2980 solent,
1430 2921 1620 2994 magnope-

281 3038 593 3112 asseruerant,
618 3019 764 3094 molesto
789 3019 875 3092 adeo
899 3022 932 3090 δι
956 3035 1161 3109 sttmptuoso
1188 3041 1227 3091 se
1261 3017 1470 3112 implicuisse
1502 3017 1620 3108 bello,

280 3160 396 3236 usque
416 3140 563 3228 sivisse,
585 3141 752 3236 quoniam
777 3141 814 3213 in
838 3137 964 3214 Carolo
990 3145 1023 3214 it
1048 3139 1231 3230 francisco
1264 3137 1325 3218 vel
1346 3141 1440 3228 odii,
1480 3140 1535 3215 vel
1560 3163 1622 3214 ae·

281 3256 483 3336 mislatiotsis
511 3261 644 3336 semina
671 3257 835 3344 videbar,
860 3277 901 3332 ut
924 3283 961 3336 se
983 3283 1021 3334 se
1043 3241 1175 3336 'mutuo
1206 3259 1396 3336 illiderent.
1420 3259 1622 3336 Gloriosuus

283 3379 337 3456 illi
360 3381 498 3478 quidem
518 3381 640 3456 luisset
662 3381 807 3456 liberare
831 3376 964 3480 ltaliam
980 3379 1135 3456 externis
1157 3379 1322 3471 dominis,
1346 3381 1391 3457 ad
1413 3381 1508 3477 quod
1522 3405 1621 3456 aver·

283 3499 425 3578 ιιιιιιιιιιι
441 3501 625 3594 periculum
638 3524 757 3576 omnes
773 3503 997 3598 cogitationes
1010 3554 1020 3587 ,
1033 3525 1152 3575 omnes
1168 3524 1291 3585 curae,
1312 3509 1345 3576 δι
1368 3505 1486 3577 omnia
1508 3503 1627 3578 studia

209 3653 217 3682 ι
287 3621 459 3696 Laurentii
474 3622 581 3714 patris
596 3640 693 3695 cauta
718 3645 797 3696 cum
821 3621 968 3694 nominis
993 3623 1046 3696 sui
1065 3621 1155 3696 lama
1177 3623 1389 3715 spellaruns3
1412 3625 1473 3698 sed
1497 3647 1517 3695 e
1538 3622 1627 3696 duo·

288 3738 354 3814 bus
369 3741 616 3833 potentissimis
640 3744 797 3840 regibus,
816 3742 878 3835 qui
902 3742 1071 3824 vicisset,
1091 3743 1289 3818 durioribus
1313 3743 1445 3840 laqueis
1463 3744 1632 3818 irretitam

291 3857 386 3936 illam
404 3863 593 3948 tenuisset,
619 3885 697 3937 cum
721 3863 756 3938 id
779 3862 898 3936 annuis
920 3885 1040 3935 eorum
1065 3861 1206 3937 ιιιιιιιιιιι
1231 3881 1336 3960 atque
1359 3867 1514 3938 innatum
1537 3862 1631 3939 vide·

290 3999 410 4068 tetur,
428 4001 470 4058 ut
493 3983 683 4058 adversarii
706 3983 821 4078 spoliis
844 4005 926 4056 suas
949 4007 1058 4078 opes,
1097 4007 1266 4080 suamque
1299 3985 1486 4076 potentiam
1519 4005 1628 4078 auge-

291 4119 386 4176 rent.
404 4103 499 4198 Quia
522 4119 627 4190 uero,
650 4105 708 4178 ubi
733 4104 898 4198 regnandi
922 4104 1027 4177 libido
1050 4103 1269 4191 dominatur,
1293 4107 1446 4198 requiras
1463 4082 1522 4178 vix
1537 4126 1635 4180 stare

292 4235 395 4310 posse
418 4221 579 4307 videtur,
604 4247 676 4296 non
702 4222 854 4300 lacile‘'
830 4249 855 4298 n
881 4225 972 4316 passi
996 4221 1165 4314 luissent,
1200 4241 1238 4297 ut
1277 4223 1496 4300 redderemur
1531 4231 1632 4319 Apo·
1750 4313 1753 4320 ¹

294 4339 442 4416 stolicae
463 4343 542 4416 Sodi
567 4345 705 4417 Parmae
729 4349 764 4418 δι
797 4345 990 4434 Placentiae
1014 4348 1136 4436 urbes,
1171 4348 1332 4439 quamtis
1370 4369 1428 4439 per
1465 4370 1639 4420 summam

295 4456 454 4554 iniuriam
481 4464 768 4560 ignominiamque
793 4465 869 4539 illas
892 4469 959 4542 sibi
981 4487 1114 4562 ereptas
1140 4467 1247 4544 luisse
1264 4481 1527 4564 conquereretur
1546 4469 1635 4540 Pon

296 4574 664 4682 rumunnense
688 4587 746 4682 qui
769 4587 920 4680 publicas
944 4589 1086 4686 iniurias
1111 4588 1272 4684 tulisset,
1299 4611 1401 4665 suam
1420 4605 1498 4666 uon
1518 4585 1635 4672 ruiis,
1747 4693 1751 4700 ν
