<?xml version="1.0" encoding="UTF-8"?>
<!DOCTYPE html PUBLIC "-//W3C//DTD XHTML 1.0 Transitional//EN"
    "http://www.w3.org/TR/xhtml1/DTD/xhtml1-transitional.dtd">
<html xmlns="http://www.w3.org/1999/xhtml" xml:lang="en" lang="en">
 <head>
  <title>
</title>
<meta http-equiv="Content-Type" content="text/html;charset=utf-8" />
  <meta name='ocr-system' content='tesseract 3.04.00' />
  <meta name='ocr-capabilities' content='ocr_page ocr_carea ocr_par ocr_line ocrx_word'/>
</head>
<body>
  <div class='ocr_page' id='page_1' title='image "./leonisxpontific00fabrgoog_0129.png"; bbox 0 0 4386 5838; ppageno 0'>
   <div class='ocr_carea' id='block_1_1' title="bbox 775 473 793 506">
    <p class='ocr_par' dir='ltr' id='par_1_1' title="bbox 775 473 793 506">
     <span class='ocr_line' id='line_1_1' title="bbox 775 473 793 506; baseline 0 0"><span class='ocrx_word' id='word_1_1' title='bbox 775 473 793 506; x_wconf 56' lang='lat' dir='ltr'>&#39;a</span> 
     </span>
    </p>
   </div>
   <div class='ocr_carea' id='block_1_2' title="bbox 160 599 1844 4544">
    <p class='ocr_par' dir='ltr' id='par_1_2' title="bbox 256 599 1619 918">
     <span class='ocr_line' id='line_1_2' title="bbox 709 599 1566 684; baseline 0.009 -10"><span class='ocrx_word' id='word_1_2' title='bbox 709 603 743 674; x_wconf 72' lang='lat' dir='ltr'>V</span> <span class='ocrx_word' id='word_1_3' title='bbox 842 609 857 677; x_wconf 83' lang='lat' dir='ltr'>l</span> <span class='ocrx_word' id='word_1_4' title='bbox 955 608 988 680; x_wconf 79' lang='grc' dir='ltr'><strong>Τ</strong></span> <span class='ocrx_word' id='word_1_5' title='bbox 1084 599 1116 684; x_wconf 64' lang='lat' dir='ltr'>d</span> <span class='ocrx_word' id='word_1_6' title='bbox 1500 623 1566 684; x_wconf 81' lang='lat' dir='ltr'>att</span> 
     </span>
     <span class='ocr_line' id='line_1_3' title="bbox 256 706 1619 824; baseline 0.001 -24"><span class='ocrx_word' id='word_1_7' title='bbox 256 747 322 812; x_wconf 78' lang='lat' dir='ltr'>aa,</span> <span class='ocrx_word' id='word_1_8' title='bbox 345 706 511 819; x_wconf 77' lang='lat' dir='ltr'>quantum</span> <span class='ocrx_word' id='word_1_9' title='bbox 529 719 685 817; x_wconf 84' lang='lat' dir='ltr'>aequitas</span> <span class='ocrx_word' id='word_1_10' title='bbox 712 773 725 814; x_wconf 81' lang='lat'><strong>,</strong></span> <span class='ocrx_word' id='word_1_11' title='bbox 750 728 784 798; x_wconf 80' lang='lat' dir='ltr'>dt</span> <span class='ocrx_word' id='word_1_12' title='bbox 818 709 984 817; x_wconf 83' lang='lat' dir='ltr'>imposita</span> <span class='ocrx_word' id='word_1_13' title='bbox 1008 727 1069 804; x_wconf 86' lang='lat' dir='ltr'>sibi</span> <span class='ocrx_word' id='word_1_14' title='bbox 1090 751 1109 802; x_wconf 86' lang='lat' dir='ltr'>a</span> <span class='ocrx_word' id='word_1_15' title='bbox 1134 725 1315 824; x_wconf 77' lang='lat' dir='ltr'>Republica</span> <span class='ocrx_word' id='word_1_16' title='bbox 1335 747 1481 821; x_wconf 85' lang='lat' dir='ltr'>persona</span> <span class='ocrx_word' id='word_1_17' title='bbox 1504 729 1619 822; x_wconf 61' lang='lat' dir='ltr'>patie4</span> 
     </span>
     <span class='ocr_line' id='line_1_4' title="bbox 267 846 956 918; baseline -0.006 0"><span class='ocrx_word' id='word_1_18' title='bbox 267 846 391 918; x_wconf 76' lang='lat' dir='ltr'>ba&#39;tur.</span> <span class='ocrx_word' id='word_1_19' title='bbox 953 909 956 914; x_wconf 88' lang='lat'>.</span> 
     </span>
    </p>

    <p class='ocr_par' dir='ltr' id='par_1_3' title="bbox 234 963 1622 1662">
     <span class='ocr_line' id='line_1_5' title="bbox 365 963 1619 1064; baseline 0.006 -29"><span class='ocrx_word' id='word_1_20' title='bbox 365 963 418 1036; x_wconf 89' lang='lat' dir='ltr'>Nil</span> <span class='ocrx_word' id='word_1_21' title='bbox 445 988 548 1057; x_wconf 86' lang='lat' dir='ltr'>porro</span> <span class='ocrx_word' id='word_1_22' title='bbox 586 986 655 1040; x_wconf 86' lang='lat' dir='ltr'>tam</span> <span class='ocrx_word' id='word_1_23' title='bbox 681 968 817 1041; x_wconf 79' lang='lat' dir='ltr'><strong>dolebat</strong></span> <span class='ocrx_word' id='word_1_24' title='bbox 841 965 1020 1057; x_wconf 72' lang='lat' dir='ltr'>Pontifex,</span> <span class='ocrx_word' id='word_1_25' title='bbox 1044 993 1145 1064; x_wconf 82' lang='lat' dir='ltr'>quarn</span> <span class='ocrx_word' id='word_1_26' title='bbox 1182 972 1219 1044; x_wconf 89' lang='lat' dir='ltr'>in</span> <span class='ocrx_word' id='word_1_27' title='bbox 1261 967 1338 1064; x_wconf 75' lang='lat' dir='ltr'>ipso</span> <span class='ocrx_word' id='word_1_28' title='bbox 1368 973 1503 1044; x_wconf 81' lang='lat' dir='ltr'>Senatu</span> <span class='ocrx_word' id='word_1_29' title='bbox 1541 993 1619 1046; x_wconf 86' lang='lat' dir='ltr'>esse</span> 
     </span>
     <span class='ocr_line' id='line_1_6' title="bbox 270 1086 1618 1185; baseline 0.001 -29"><span class='ocrx_word' id='word_1_30' title='bbox 270 1086 457 1158; x_wconf 86' lang='lat' dir='ltr'>nonnullos</span> <span class='ocrx_word' id='word_1_31' title='bbox 493 1089 603 1159; x_wconf 89' lang='lat' dir='ltr'>animo</span> <span class='ocrx_word' id='word_1_32' title='bbox 629 1090 693 1160; x_wconf 91' lang='lat' dir='ltr'>sibi</span> <span class='ocrx_word' id='word_1_33' title='bbox 718 1090 898 1174; x_wconf 81' lang='lat' dir='ltr'>inimicos,</span> <span class='ocrx_word' id='word_1_34' title='bbox 923 1115 1118 1184; x_wconf 78' lang='lat' dir='ltr'><strong>quanquam</strong></span> <span class='ocrx_word' id='word_1_35' title='bbox 1143 1117 1259 1176; x_wconf 81' lang='lat' dir='ltr'>cortun</span> <span class='ocrx_word' id='word_1_36' title='bbox 1301 1091 1473 1185; x_wconf 77' lang='lat' dir='ltr'>dignitas„</span> <span class='ocrx_word' id='word_1_37' title='bbox 1515 1107 1618 1182; x_wconf 87' lang='lat' dir='ltr'>atque</span> 
     </span>
     <span class='ocr_line' id='line_1_7' title="bbox 234 1205 1620 1312; baseline 0.003 -34"><span class='ocrx_word' id='word_1_38' title='bbox 234 1309 235 1312; x_wconf 8' lang='grc' dir='ltr'><strong>Ἴ</strong></span> <span class='ocrx_word' id='word_1_39' title='bbox 268 1205 459 1298; x_wconf 79' lang='lat' dir='ltr'>amplitudo</span> <span class='ocrx_word' id='word_1_40' title='bbox 494 1209 667 1280; x_wconf 88' lang='lat' dir='ltr'>carissima</span> <span class='ocrx_word' id='word_1_41' title='bbox 691 1211 751 1280; x_wconf 83' lang='lat' dir='ltr'>sibi</span> <span class='ocrx_word' id='word_1_42' title='bbox 772 1231 901 1302; x_wconf 87' lang='lat' dir='ltr'>semper</span> <span class='ocrx_word' id='word_1_43' title='bbox 926 1211 1078 1299; x_wconf 80' lang='lat' dir='ltr'>suisset,</span> <span class='ocrx_word' id='word_1_44' title='bbox 1114 1238 1152 1284; x_wconf 85' lang='lat' dir='ltr'>ac</span> <span class='ocrx_word' id='word_1_45' title='bbox 1182 1213 1313 1282; x_wconf 89' lang='lat' dir='ltr'>nullum</span> <span class='ocrx_word' id='word_1_46' title='bbox 1338 1211 1620 1300; x_wconf 83' lang='lat' dir='ltr'>praetermisisset</span> 
     </span>
     <span class='ocr_line' id='line_1_8' title="bbox 270 1327 1622 1421; baseline 0.002 -25"><span class='ocrx_word' id='word_1_47' title='bbox 270 1327 437 1412; x_wconf 89' lang='lat' dir='ltr'>officium,</span> <span class='ocrx_word' id='word_1_48' title='bbox 466 1351 534 1420; x_wconf 87' lang='lat' dir='ltr'>quo</span> <span class='ocrx_word' id='word_1_49' title='bbox 560 1331 622 1401; x_wconf 91' lang='lat' dir='ltr'>sibi</span> <span class='ocrx_word' id='word_1_50' title='bbox 648 1355 707 1402; x_wconf 88' lang='lat' dir='ltr'>eos</span> <span class='ocrx_word' id='word_1_51' title='bbox 732 1337 765 1403; x_wconf 77' lang='lat' dir='ltr'>bc</span> <span class='ocrx_word' id='word_1_52' title='bbox 790 1331 940 1402; x_wconf 83' lang='lat' dir='ltr'>familiae</span> <span class='ocrx_word' id='word_1_53' title='bbox 965 1356 1049 1404; x_wconf 87' lang='lat' dir='ltr'>suae</span> <span class='ocrx_word' id='word_1_54' title='bbox 1081 1333 1279 1404; x_wconf 83' lang='lat' dir='ltr'>conciliaret</span> <span class='ocrx_word' id='word_1_55' title='bbox 1313 1327 1425 1421; x_wconf 83' lang='lat'><strong>(5¹)·</strong></span> <span class='ocrx_word' id='word_1_56' title='bbox 1451 1332 1521 1402; x_wconf 86' lang='lat' dir='ltr'>Sua</span> <span class='ocrx_word' id='word_1_57' title='bbox 1546 1329 1622 1399; x_wconf 85' lang='lat' dir='ltr'>ita·</span> 
     </span>
     <span class='ocr_line' id='line_1_9' title="bbox 274 1441 1616 1543; baseline 0.001 -27"><span class='ocrx_word' id='word_1_58' title='bbox 274 1469 340 1538; x_wconf 90' lang='lat' dir='ltr'>que</span> <span class='ocrx_word' id='word_1_59' title='bbox 365 1447 530 1518; x_wconf 87' lang='lat' dir='ltr'>interesse</span> <span class='ocrx_word' id='word_1_60' title='bbox 563 1449 696 1537; x_wconf 88' lang='lat' dir='ltr'>putavit</span> <span class='ocrx_word' id='word_1_61' title='bbox 727 1449 769 1543; x_wconf 77' lang='lat' dir='ltr'>ad</span> <span class='ocrx_word' id='word_1_62' title='bbox 795 1449 1036 1540; x_wconf 84' lang='lat' dir='ltr'>amplissimam</span> <span class='ocrx_word' id='word_1_63' title='bbox 1056 1441 1260 1543; x_wconf 55' lang='lat' dir='ltr'>&#39;dignitatem</span> <span class='ocrx_word' id='word_1_64' title='bbox 1291 1451 1437 1524; x_wconf 83' lang='lat' dir='ltr'>evehere</span> <span class='ocrx_word' id='word_1_65' title='bbox 1463 1447 1616 1537; x_wconf 86' lang='lat' dir='ltr'>multos,</span> 
     </span>
     <span class='ocr_line' id='line_1_10' title="bbox 273 1558 1620 1662; baseline 0 -24"><span class='ocrx_word' id='word_1_66' title='bbox 273 1567 457 1662; x_wconf 82' lang='lat' dir='ltr'>inquibus</span> <span class='ocrx_word' id='word_1_67' title='bbox 483 1564 612 1638; x_wconf 88' lang='lat' dir='ltr'>stabilis</span> <span class='ocrx_word' id='word_1_68' title='bbox 647 1568 907 1642; x_wconf 87' lang='lat' dir='ltr'>benevolentiae</span> <span class='ocrx_word' id='word_1_69' title='bbox 938 1591 1053 1661; x_wconf 88' lang='lat' dir='ltr'>posset</span> <span class='ocrx_word' id='word_1_70' title='bbox 1092 1594 1166 1642; x_wconf 89' lang='lat' dir='ltr'>esse</span> <span class='ocrx_word' id='word_1_71' title='bbox 1203 1558 1329 1645; x_wconf 85' lang='lat' dir='ltr'>fiducia</span> <span class='ocrx_word' id='word_1_72' title='bbox 1339 1617 1353 1655; x_wconf 87' lang='lat'>‚</span> <span class='ocrx_word' id='word_1_73' title='bbox 1385 1576 1419 1644; x_wconf 75' lang='lat' dir='ltr'>dt</span> <span class='ocrx_word' id='word_1_74' title='bbox 1453 1591 1523 1638; x_wconf 89' lang='lat' dir='ltr'>uno</span> <span class='ocrx_word' id='word_1_75' title='bbox 1556 1589 1620 1638; x_wconf 90' lang='lat' dir='ltr'>eo·</span> 
     </span>
    </p>

    <p class='ocr_par' dir='ltr' id='par_1_4' title="bbox 160 1683 1644 2628">
     <span class='ocr_line' id='line_1_11' title="bbox 160 1683 1620 1782; baseline -0.002 -23"><span class='ocrx_word' id='word_1_76' title='bbox 160 1685 164 1693; x_wconf 81' lang='grc'>’</span> <span class='ocrx_word' id='word_1_77' title='bbox 277 1687 420 1782; x_wconf 85' lang='lat' dir='ltr'>demque</span> <span class='ocrx_word' id='word_1_78' title='bbox 453 1691 532 1772; x_wconf 90' lang='lat' dir='ltr'>die,</span> <span class='ocrx_word' id='word_1_79' title='bbox 556 1685 616 1780; x_wconf 89' lang='lat' dir='ltr'>qui</span> <span class='ocrx_word' id='word_1_80' title='bbox 642 1683 707 1758; x_wconf 84' lang='lat' dir='ltr'>luit</span> <span class='ocrx_word' id='word_1_81' title='bbox 739 1689 812 1760; x_wconf 84' lang='lat' dir='ltr'>Kal.</span> <span class='ocrx_word' id='word_1_82' title='bbox 835 1689 1001 1781; x_wconf 88' lang='lat' dir='ltr'>Quintilis</span> <span class='ocrx_word' id='word_1_83' title='bbox 1027 1714 1081 1762; x_wconf 85' lang='lat' dir='ltr'>an.</span> <span class='ocrx_word' id='word_1_84' title='bbox 1106 1707 1259 1764; x_wconf 80' lang='lat' dir='ltr'>muxvls.</span> <span class='ocrx_word' id='word_1_85' title='bbox 1298 1712 1404 1760; x_wconf 88' lang='lat' dir='ltr'>unum</span> <span class='ocrx_word' id='word_1_86' title='bbox 1435 1710 1538 1775; x_wconf 85' lang='lat' dir='ltr'>supra</span> <span class='ocrx_word' id='word_1_87' title='bbox 1562 1685 1620 1757; x_wconf 87' lang='lat' dir='ltr'>tri·</span> 
     </span>
     <span class='ocr_line' id='line_1_12' title="bbox 278 1791 1619 1904; baseline 0 -26"><span class='ocrx_word' id='word_1_88' title='bbox 278 1809 375 1904; x_wconf 71' lang='lat' dir='ltr'>ginta</span> <span class='ocrx_word' id='word_1_89' title='bbox 402 1811 532 1882; x_wconf 88' lang='lat' dir='ltr'>creavit</span> <span class='ocrx_word' id='word_1_90' title='bbox 551 1811 773 1884; x_wconf 85' lang='lat' dir='ltr'>Cardinales.</span> <span class='ocrx_word' id='word_1_91' title='bbox 799 1815 849 1884; x_wconf 85' lang='lat' dir='ltr'>Ex</span> <span class='ocrx_word' id='word_1_92' title='bbox 869 1791 921 1884; x_wconf 87' lang='lat' dir='ltr'>his</span> <span class='ocrx_word' id='word_1_93' title='bbox 950 1811 980 1883; x_wconf 91' lang='lat' dir='ltr'>si</span> <span class='ocrx_word' id='word_1_94' title='bbox 1005 1811 1214 1896; x_wconf 73' lang='lat' dir='ltr'>dotlrinam‚</span> <span class='ocrx_word' id='word_1_95' title='bbox 1239 1816 1273 1883; x_wconf 78' lang='lat' dir='ltr'>dt</span> <span class='ocrx_word' id='word_1_96' title='bbox 1305 1805 1519 1880; x_wconf 66' lang='lat' dir='ltr'>sandlitatem</span> <span class='ocrx_word' id='word_1_97' title='bbox 1543 1828 1619 1896; x_wconf 90' lang='lat' dir='ltr'>spe·</span> 
     </span>
     <span class='ocr_line' id='line_1_13' title="bbox 282 1929 1622 2024; baseline -0.003 -22"><span class='ocrx_word' id='word_1_98' title='bbox 282 1929 351 2003; x_wconf 69' lang='lat' dir='ltr'>iles</span> <span class='ocrx_word' id='word_1_99' title='bbox 379 1953 533 2017; x_wconf 78' lang='lat' dir='ltr'>morum,</span> <span class='ocrx_word' id='word_1_100' title='bbox 562 1933 594 1998; x_wconf 73' lang='grc' dir='ltr'>δι</span> <span class='ocrx_word' id='word_1_101' title='bbox 626 1955 724 2004; x_wconf 90' lang='lat' dir='ltr'>usum</span> <span class='ocrx_word' id='word_1_102' title='bbox 752 1947 889 2013; x_wconf 81' lang='lat' dir='ltr'>rerum,</span> <span class='ocrx_word' id='word_1_103' title='bbox 914 1930 1037 2020; x_wconf 89' lang='lat' dir='ltr'>primas</span> <span class='ocrx_word' id='word_1_104' title='bbox 1087 1929 1236 2002; x_wconf 88' lang='lat' dir='ltr'>tenuisse</span> <span class='ocrx_word' id='word_1_105' title='bbox 1267 1931 1348 2002; x_wconf 90' lang='lat' dir='ltr'>mihi</span> <span class='ocrx_word' id='word_1_106' title='bbox 1377 1929 1511 2024; x_wconf 88' lang='lat' dir='ltr'>videtur</span> <span class='ocrx_word' id='word_1_107' title='bbox 1546 1930 1622 1998; x_wconf 87' lang='lat' dir='ltr'>Ae·</span> 
     </span>
     <span class='ocr_line' id='line_1_14' title="bbox 281 2043 1622 2144; baseline 0 -24"><span class='ocrx_word' id='word_1_108' title='bbox 281 2050 395 2144; x_wconf 80' lang='lat' dir='ltr'>gidius</span> <span class='ocrx_word' id='word_1_109' title='bbox 423 2049 650 2125; x_wconf 70' lang='lat' dir='ltr'>viterbiensis</span> <span class='ocrx_word' id='word_1_110' title='bbox 675 2043 1004 2141; x_wconf 68' lang='lat' dir='ltr'>augustinianorum</span> <span class='ocrx_word' id='word_1_111' title='bbox 1043 2051 1263 2122; x_wconf 88' lang='lat' dir='ltr'>Eremitarum</span> <span class='ocrx_word' id='word_1_112' title='bbox 1296 2048 1513 2140; x_wconf 69' lang='lat' dir='ltr'>praefetlus.</span> <span class='ocrx_word' id='word_1_113' title='bbox 1549 2053 1622 2120; x_wconf 86' lang='lat' dir='ltr'>Ma·</span> 
     </span>
     <span class='ocr_line' id='line_1_15' title="bbox 282 2165 1620 2262; baseline -0.001 -22"><span class='ocrx_word' id='word_1_114' title='bbox 282 2193 351 2262; x_wconf 73' lang='lat' dir='ltr'>gua</span> <span class='ocrx_word' id='word_1_115' title='bbox 380 2192 458 2240; x_wconf 84' lang='lat' dir='ltr'>cum</span> <span class='ocrx_word' id='word_1_116' title='bbox 487 2169 654 2246; x_wconf 81' lang='lat' dir='ltr'>hocerat</span> <span class='ocrx_word' id='word_1_117' title='bbox 688 2169 842 2254; x_wconf 82' lang='lat' dir='ltr'>Pontifici</span> <span class='ocrx_word' id='word_1_118' title='bbox 867 2168 1099 2256; x_wconf 84' lang='lat' dir='ltr'>familiaritas,</span> <span class='ocrx_word' id='word_1_119' title='bbox 1125 2189 1165 2242; x_wconf 92' lang='lat' dir='ltr'>ut</span> <span class='ocrx_word' id='word_1_120' title='bbox 1195 2195 1238 2241; x_wconf 82' lang='lat' dir='ltr'>ex</span> <span class='ocrx_word' id='word_1_121' title='bbox 1267 2171 1357 2242; x_wconf 90' lang='lat' dir='ltr'>illius</span> <span class='ocrx_word' id='word_1_122' title='bbox 1389 2168 1511 2239; x_wconf 89' lang='lat' dir='ltr'>litteris</span> <span class='ocrx_word' id='word_1_123' title='bbox 1541 2165 1620 2259; x_wconf 90' lang='lat' dir='ltr'>ple·</span> 
     </span>
     <span class='ocr_line' id='line_1_16' title="bbox 280 2267 1644 2387; baseline -0.004 -23"><span class='ocrx_word' id='word_1_124' title='bbox 280 2287 339 2384; x_wconf 80' lang='lat' dir='ltr'>nis</span> <span class='ocrx_word' id='word_1_125' title='bbox 366 2291 556 2365; x_wconf 86' lang='lat' dir='ltr'>suavissimi</span> <span class='ocrx_word' id='word_1_126' title='bbox 589 2291 695 2365; x_wconf 84' lang='lat' dir='ltr'>studii</span> <span class='ocrx_word' id='word_1_127' title='bbox 729 2311 889 2387; x_wconf 85' lang='lat' dir='ltr'>apparet;</span> <span class='ocrx_word' id='word_1_128' title='bbox 918 2293 1050 2364; x_wconf 85' lang='lat' dir='ltr'>amabat</span> <span class='ocrx_word' id='word_1_129' title='bbox 1074 2291 1109 2361; x_wconf 89' lang='lat' dir='ltr'>in</span> <span class='ocrx_word' id='word_1_130' title='bbox 1141 2267 1284 2382; x_wconf 77' lang='lat' dir='ltr'>Aegidio</span> <span class='ocrx_word' id='word_1_131' title='bbox 1310 2291 1513 2382; x_wconf 80' lang='lat' dir='ltr'>gravitatem</span> <span class='ocrx_word' id='word_1_132' title='bbox 1528 2312 1644 2360; x_wconf 90' lang='lat' dir='ltr'>sum··</span> 
     </span>
     <span class='ocr_line' id='line_1_17' title="bbox 263 2408 1624 2518; baseline -0.001 -38"><span class='ocrx_word' id='word_1_133' title='bbox 263 2428 341 2486; x_wconf 77' lang='lat' dir='ltr'>‘rna</span> <span class='ocrx_word' id='word_1_134' title='bbox 370 2435 446 2485; x_wconf 85' lang='lat' dir='ltr'>cum</span> <span class='ocrx_word' id='word_1_135' title='bbox 463 2411 635 2510; x_wconf 84' lang='lat' dir='ltr'>comitate</span> <span class='ocrx_word' id='word_1_136' title='bbox 665 2410 1137 2518; x_wconf 39' lang='lat' dir='ltr'>conjunctamq&#39;uavi&#39;ratem</span> <span class='ocrx_word' id='word_1_137' title='bbox 1163 2412 1355 2497; x_wconf 89' lang='lat' dir='ltr'>orationis,</span> <span class='ocrx_word' id='word_1_138' title='bbox 1381 2408 1624 2482; x_wconf 88' lang='lat' dir='ltr'>incredibilem·</span> 
     </span>
     <span class='ocr_line' id='line_1_18' title="bbox 288 2528 1636 2628; baseline 0.001 -30"><span class='ocrx_word' id='word_1_139' title='bbox 288 2553 355 2628; x_wconf 80' lang='lat' dir='ltr'>que</span> <span class='ocrx_word' id='word_1_140' title='bbox 384 2528 601 2616; x_wconf 63' lang='lat' dir='ltr'>facundiam,</span> <span class='ocrx_word' id='word_1_141' title='bbox 623 2536 656 2602; x_wconf 78' lang='lat' dir='ltr'>er</span> <span class='ocrx_word' id='word_1_142' title='bbox 678 2543 853 2623; x_wconf 85' lang='lat' dir='ltr'>nunquam</span> <span class='ocrx_word' id='word_1_143' title='bbox 877 2531 1106 2616; x_wconf 85' lang='lat' dir='ltr'>intermissum</span> <span class='ocrx_word' id='word_1_144' title='bbox 1140 2531 1289 2608; x_wconf 87' lang='lat' dir='ltr'>studium</span> <span class='ocrx_word' id='word_1_145' title='bbox 1323 2532 1359 2627; x_wconf 89' lang='lat' dir='ltr'>iu</span> <span class='ocrx_word' id='word_1_146' title='bbox 1392 2529 1548 2612; x_wconf 79' lang='lat' dir='ltr'>litteras,</span> <span class='ocrx_word' id='word_1_147' title='bbox 1580 2537 1636 2599; x_wconf 79' lang='lat' dir='ltr'>ac&#39;</span> 
     </span>
    </p>

    <p class='ocr_par' dir='ltr' id='par_1_5' title="bbox 223 2629 1844 4544">
     <span class='ocr_line' id='line_1_19' title="bbox 223 2629 1674 2766; baseline 0 -47"><span class='ocrx_word' id='word_1_148' title='bbox 223 2729 235 2766; x_wconf 32' lang='grc' dir='ltr'>χ</span> <span class='ocrx_word' id='word_1_149' title='bbox 289 2651 486 2758; x_wconf 84' lang='lat' dir='ltr'>praesertim</span> <span class='ocrx_word' id='word_1_150' title='bbox 524 2651 694 2738; x_wconf 85' lang='lat' dir='ltr'>divinas;</span> <span class='ocrx_word' id='word_1_151' title='bbox 739 2629 882 2722; x_wconf 85' lang='lat' dir='ltr'>consilia</span> <span class='ocrx_word' id='word_1_152' title='bbox 914 2652 1016 2726; x_wconf 81' lang='lat' dir='ltr'>etiam</span> <span class='ocrx_word' id='word_1_153' title='bbox 1053 2653 1224 2725; x_wconf 87' lang='lat' dir='ltr'>interdum</span> <span class='ocrx_word' id='word_1_154' title='bbox 1262 2651 1303 2723; x_wconf 86' lang='lat' dir='ltr'>ab</span> <span class='ocrx_word' id='word_1_155' title='bbox 1346 2651 1421 2740; x_wconf 85' lang='lat' dir='ltr'>ipso</span> <span class='ocrx_word' id='word_1_156' title='bbox 1458 2649 1622 2738; x_wconf 83' lang='lat' dir='ltr'>petebat,</span> <span class='ocrx_word' id='word_1_157' title='bbox 1668 2641 1674 2646; x_wconf 64' lang='grc'><strong>’</strong></span> 
     </span>
     <span class='ocr_line' id='line_1_20' title="bbox 288 2765 1729 2866; baseline -0.001 -26"><span class='ocrx_word' id='word_1_158' title='bbox 288 2790 436 2861; x_wconf 88' lang='lat' dir='ltr'>cumque</span> <span class='ocrx_word' id='word_1_159' title='bbox 467 2771 633 2862; x_wconf 84' lang='lat' dir='ltr'>cogitaret</span> <span class='ocrx_word' id='word_1_160' title='bbox 671 2774 831 2849; x_wconf 84' lang='lat' dir='ltr'>Senatum</span> <span class='ocrx_word' id='word_1_161' title='bbox 872 2765 1021 2866; x_wconf 74' lang='lat' dir='ltr'>cogere,</span> <span class='ocrx_word' id='word_1_162' title='bbox 1057 2775 1096 2841; x_wconf 85' lang='lat' dir='ltr'>ut</span> <span class='ocrx_word' id='word_1_163' title='bbox 1141 2771 1235 2842; x_wconf 85' lang='lat' dir='ltr'>huuc</span> <span class='ocrx_word' id='word_1_164' title='bbox 1263 2771 1413 2842; x_wconf 89' lang='lat' dir='ltr'>ordinem</span> <span class='ocrx_word' id='word_1_165' title='bbox 1451 2785 1623 2861; x_wconf 79' lang='lat' dir='ltr'>augeret.</span> <span class='ocrx_word' id='word_1_166' title='bbox 1721 2785 1729 2790; x_wconf 90' lang='grc'>·</span> 
     </span>
     <span class='ocr_line' id='line_1_21' title="bbox 289 2883 1627 2983; baseline -0.007 -17"><span class='ocrx_word' id='word_1_167' title='bbox 289 2883 562 2982; x_wconf 67' lang='lat' dir='ltr'>adscisceretqtle</span> <span class='ocrx_word' id='word_1_168' title='bbox 604 2891 761 2982; x_wconf 75' lang='lat' dir='ltr'>aliquot,</span> <span class='ocrx_word' id='word_1_169' title='bbox 785 2891 845 2983; x_wconf 89' lang='lat' dir='ltr'>qui</span> <span class='ocrx_word' id='word_1_170' title='bbox 868 2893 930 2963; x_wconf 89' lang='lat' dir='ltr'>sibi</span> <span class='ocrx_word' id='word_1_171' title='bbox 966 2895 999 2962; x_wconf 78' lang='lat' dir='ltr'>dt</span> <span class='ocrx_word' id='word_1_172' title='bbox 1031 2889 1189 2965; x_wconf 88' lang='lat' dir='ltr'>omnibus</span> <span class='ocrx_word' id='word_1_173' title='bbox 1209 2885 1354 2980; x_wconf 80' lang='lat' dir='ltr'>&#39;probati</span> <span class='ocrx_word' id='word_1_174' title='bbox 1383 2907 1497 2960; x_wconf 86' lang='lat' dir='ltr'>essent</span> <span class='ocrx_word' id='word_1_175' title='bbox 1520 2936 1540 2976; x_wconf 88' lang='lat'>,-</span> <span class='ocrx_word' id='word_1_176' title='bbox 1563 2886 1627 2958; x_wconf 86' lang='lat' dir='ltr'>ali·</span> 
     </span>
     <span class='ocr_line' id='line_1_22' title="bbox 292 3001 1621 3106; baseline 0 -29"><span class='ocrx_word' id='word_1_177' title='bbox 292 3027 379 3104; x_wconf 85' lang='lat' dir='ltr'>quot</span> <span class='ocrx_word' id='word_1_178' title='bbox 402 3011 527 3091; x_wconf 76' lang='lat' dir='ltr'>etiam,</span> <span class='ocrx_word' id='word_1_179' title='bbox 558 3033 646 3106; x_wconf 84' lang='lat' dir='ltr'>quos</span> <span class='ocrx_word' id='word_1_180' title='bbox 673 3011 888 3101; x_wconf 82' lang='lat' dir='ltr'>Reipublicae</span> <span class='ocrx_word' id='word_1_181' title='bbox 917 3009 1101 3085; x_wconf 87' lang='lat' dir='ltr'>necessitas</span> <span class='ocrx_word' id='word_1_182' title='bbox 1128 3009 1324 3101; x_wconf 88' lang='lat' dir='ltr'>postulabat</span> <span class='ocrx_word' id='word_1_183' title='bbox 1345 3061 1355 3096; x_wconf 79' lang='grc'><em>,</em></span> <span class='ocrx_word' id='word_1_184' title='bbox 1378 3009 1474 3101; x_wconf 88' lang='lat' dir='ltr'>petiit</span> <span class='ocrx_word' id='word_1_185' title='bbox 1498 3001 1539 3078; x_wconf 88' lang='lat' dir='ltr'>ab</span> <span class='ocrx_word' id='word_1_186' title='bbox 1556 3030 1621 3090; x_wconf 82' lang='lat' dir='ltr'>eo,</span> 
     </span>
     <span class='ocr_line' id='line_1_23' title="bbox 293 3129 1627 3231; baseline 0 -33"><span class='ocrx_word' id='word_1_187' title='bbox 293 3147 333 3206; x_wconf 86' lang='lat' dir='ltr'>ut</span> <span class='ocrx_word' id='word_1_188' title='bbox 364 3129 437 3218; x_wconf 82' lang='lat' dir='ltr'>ipse</span> <span class='ocrx_word' id='word_1_189' title='bbox 463 3153 597 3231; x_wconf 78' lang='lat' dir='ltr'>quroque</span> <span class='ocrx_word' id='word_1_190' title='bbox 630 3132 696 3204; x_wconf 90' lang='lat' dir='ltr'>hoc</span> <span class='ocrx_word' id='word_1_191' title='bbox 725 3133 766 3210; x_wconf 85' lang='lat' dir='ltr'>de</span> <span class='ocrx_word' id='word_1_192' title='bbox 798 3133 999 3222; x_wconf 85' lang='lat' dir='ltr'>gravissimo</span> <span class='ocrx_word' id='word_1_193' title='bbox 1033 3132 1172 3226; x_wconf 81' lang='lat' dir='ltr'>negotio</span> <span class='ocrx_word' id='word_1_194' title='bbox 1200 3131 1393 3224; x_wconf 81' lang='lat' dir='ltr'>cogitaret,</span> <span class='ocrx_word' id='word_1_195' title='bbox 1415 3129 1627 3204; x_wconf 86' lang='lat' dir='ltr'>rescriberet·</span> 
     </span>
     <span class='ocr_line' id='line_1_24' title="bbox 294 3246 1624 3349; baseline -0.002 -29"><span class='ocrx_word' id='word_1_196' title='bbox 294 3246 456 3349; x_wconf 83' lang='lat' dir='ltr'>quesibi</span> <span class='ocrx_word' id='word_1_197' title='bbox 488 3251 568 3342; x_wconf 91' lang='lat' dir='ltr'>quid</span> <span class='ocrx_word' id='word_1_198' title='bbox 594 3251 754 3322; x_wconf 87' lang='lat' dir='ltr'>sentiret.</span> <span class='ocrx_word' id='word_1_199' title='bbox 778 3251 840 3322; x_wconf 91' lang='lat' dir='ltr'>Vel</span> <span class='ocrx_word' id='word_1_200' title='bbox 873 3251 1046 3322; x_wconf 88' lang='lat' dir='ltr'>antehoc</span> <span class='ocrx_word' id='word_1_201' title='bbox 1081 3253 1211 3339; x_wconf 81' lang='lat' dir='ltr'>tempus</span> <span class='ocrx_word' id='word_1_202' title='bbox 1246 3273 1362 3320; x_wconf 89' lang='lat' dir='ltr'>rumor</span> <span class='ocrx_word' id='word_1_203' title='bbox 1405 3273 1464 3342; x_wconf 94' lang='lat' dir='ltr'>per</span> <span class='ocrx_word' id='word_1_204' title='bbox 1500 3250 1624 3320; x_wconf 87' lang='lat' dir='ltr'>Urbem</span> 
     </span>
     <span class='ocr_line' id='line_1_25' title="bbox 293 3347 1630 3460; baseline -0.006 -16"><span class='ocrx_word' id='word_1_205' title='bbox 293 3391 432 3458; x_wconf 74' lang='lat' dir='ltr'>¹sparsus</span> <span class='ocrx_word' id='word_1_206' title='bbox 451 3369 585 3448; x_wconf 80' lang='lat' dir='ltr'>¹fuerat,</span> <span class='ocrx_word' id='word_1_207' title='bbox 616 3347 817 3446; x_wconf 85' lang='lat' dir='ltr'>deliberasse</span> <span class='ocrx_word' id='word_1_208' title='bbox 840 3371 1035 3448; x_wconf 84' lang='lat' dir='ltr'>Pontificem</span> <span class='ocrx_word' id='word_1_209' title='bbox 1065 3371 1106 3444; x_wconf 89' lang='lat' dir='ltr'>de</span> <span class='ocrx_word' id='word_1_210' title='bbox 1126 3369 1185 3441; x_wconf 89' lang='lat' dir='ltr'>illo</span> <span class='ocrx_word' id='word_1_211' title='bbox 1210 3372 1243 3445; x_wconf 89' lang='lat' dir='ltr'>in</span> <span class='ocrx_word' id='word_1_212' title='bbox 1277 3367 1518 3460; x_wconf 82' lang='lat' dir='ltr'>amplissimum</span> <span class='ocrx_word' id='word_1_213' title='bbox 1542 3363 1630 3437; x_wconf 80' lang='lat' dir='ltr'>Col·</span> 
     </span>
     <span class='ocr_line' id='line_1_26' title="bbox 294 3486 1628 3583; baseline -0.001 -25"><span class='ocrx_word' id='word_1_214' title='bbox 294 3486 421 3582; x_wconf 76' lang='lat' dir='ltr'>legium</span> <span class='ocrx_word' id='word_1_215' title='bbox 454 3490 672 3580; x_wconf 79' lang='lat' dir='ltr'>cooptando,</span> <span class='ocrx_word' id='word_1_216' title='bbox 698 3491 892 3583; x_wconf 86' lang='lat' dir='ltr'>quodcum</span> <span class='ocrx_word' id='word_1_217' title='bbox 921 3491 1059 3562; x_wconf 91' lang='lat' dir='ltr'>minime</span> <span class='ocrx_word' id='word_1_218' title='bbox 1086 3491 1339 3582; x_wconf 83' lang='lat' dir='ltr'>comprobasset</span> <span class='ocrx_word' id='word_1_219' title='bbox 1369 3509 1534 3574; x_wconf 80' lang='lat' dir='ltr'>eventus,</span> <span class='ocrx_word' id='word_1_220' title='bbox 1555 3507 1628 3559; x_wconf 91' lang='lat' dir='ltr'>rem</span> 
     </span>
     <span class='ocr_line' id='line_1_27' title="bbox 296 3608 1629 3712; baseline 0.001 -35"><span class='ocrx_word' id='word_1_221' title='bbox 296 3630 398 3706; x_wconf 80' lang='lat' dir='ltr'>posse</span> <span class='ocrx_word' id='word_1_222' title='bbox 435 3611 556 3682; x_wconf 82' lang='lat' dir='ltr'>confici</span> <span class='ocrx_word' id='word_1_223' title='bbox 591 3635 683 3682; x_wconf 92' lang='lat' dir='ltr'>nunc</span> <span class='ocrx_word' id='word_1_224' title='bbox 716 3609 816 3682; x_wconf 87' lang='lat' dir='ltr'>etiam</span> <span class='ocrx_word' id='word_1_225' title='bbox 840 3611 1030 3712; x_wconf 80' lang='lat' dir='ltr'>diffidebat,</span> <span class='ocrx_word' id='word_1_226' title='bbox 1058 3613 1174 3708; x_wconf 84' lang='lat' dir='ltr'>Quare</span> <span class='ocrx_word' id='word_1_227' title='bbox 1199 3633 1275 3681; x_wconf 88' lang='lat' dir='ltr'>cum</span> <span class='ocrx_word' id='word_1_228' title='bbox 1299 3609 1465 3686; x_wconf 85' lang='lat' dir='ltr'>invitatus</span> <span class='ocrx_word' id='word_1_229' title='bbox 1487 3608 1629 3710; x_wconf 80' lang='lat' dir='ltr'>fuisset,</span> 
     </span>
     <span class='ocr_line' id='line_1_28' title="bbox 294 3717 1704 3824; baseline -0.003 -28"><span class='ocrx_word' id='word_1_230' title='bbox 294 3745 335 3804; x_wconf 92' lang='lat' dir='ltr'>ut</span> <span class='ocrx_word' id='word_1_231' title='bbox 363 3728 470 3801; x_wconf 88' lang='lat' dir='ltr'>adiret</span> <span class='ocrx_word' id='word_1_232' title='bbox 500 3732 728 3816; x_wconf 82' lang='lat' dir='ltr'>Pontificem,</span> <span class='ocrx_word' id='word_1_233' title='bbox 751 3733 853 3824; x_wconf 84' lang='lat' dir='ltr'>eique</span> <span class='ocrx_word' id='word_1_234' title='bbox 879 3731 1007 3822; x_wconf 80' lang='lat' dir='ltr'>gratias</span> <span class='ocrx_word' id='word_1_235' title='bbox 1042 3717 1155 3822; x_wconf 79' lang='lat' dir='ltr'>ageret</span> <span class='ocrx_word' id='word_1_236' title='bbox 1185 3731 1227 3803; x_wconf 90' lang='lat' dir='ltr'>de</span> <span class='ocrx_word' id='word_1_237' title='bbox 1260 3729 1429 3806; x_wconf 87' lang='lat' dir='ltr'>destinato</span> <span class='ocrx_word' id='word_1_238' title='bbox 1473 3729 1537 3803; x_wconf 89' lang='lat' dir='ltr'>sibi</span> <span class='ocrx_word' id='word_1_239' title='bbox 1567 3731 1631 3798; x_wconf 91' lang='lat' dir='ltr'>ho·</span> <span class='ocrx_word' id='word_1_240' title='bbox 1674 3721 1704 3792; x_wconf 87' lang='lat'>‘.</span> 
     </span>
     <span class='ocr_line' id='line_1_29' title="bbox 297 3839 1632 3950; baseline -0.002 -31"><span class='ocrx_word' id='word_1_241' title='bbox 297 3869 404 3934; x_wconf 85' lang='lat' dir='ltr'>nore,</span> <span class='ocrx_word' id='word_1_242' title='bbox 430 3849 478 3925; x_wconf 91' lang='lat' dir='ltr'>ire</span> <span class='ocrx_word' id='word_1_243' title='bbox 504 3847 633 3927; x_wconf 87' lang='lat' dir='ltr'>distulit</span> <span class='ocrx_word' id='word_1_244' title='bbox 663 3873 770 3944; x_wconf 85' lang='lat' dir='ltr'>usque</span> <span class='ocrx_word' id='word_1_245' title='bbox 796 3849 841 3922; x_wconf 72' lang='lat' dir='ltr'>ad¹</span> <span class='ocrx_word' id='word_1_246' title='bbox 867 3849 952 3929; x_wconf 88' lang='lat' dir='ltr'>illud</span> <span class='ocrx_word' id='word_1_247' title='bbox 984 3865 1139 3940; x_wconf 84' lang='lat' dir='ltr'>tempus,</span> <span class='ocrx_word' id='word_1_248' title='bbox 1176 3851 1308 3950; x_wconf 77' lang='lat' dir='ltr'>quaid</span> <span class='ocrx_word' id='word_1_249' title='bbox 1345 3851 1455 3939; x_wconf 90' lang='lat' dir='ltr'>ipsum</span> <span class='ocrx_word' id='word_1_250' title='bbox 1496 3839 1632 3918; x_wconf 83' lang='lat' dir='ltr'>certum</span> 
     </span>
     <span class='ocr_line' id='line_1_30' title="bbox 294 3952 1844 4065; baseline -0.003 -21"><span class='ocrx_word' id='word_1_251' title='bbox 294 3966 437 4044; x_wconf 80' lang='lat' dir='ltr'>habuit.</span> <span class='ocrx_word' id='word_1_252' title='bbox 471 3972 661 4043; x_wconf 90' lang='lat' dir='ltr'>Secundum</span> <span class='ocrx_word' id='word_1_253' title='bbox 692 3969 786 4050; x_wconf 87' lang='lat' dir='ltr'>illum</span> <span class='ocrx_word' id='word_1_254' title='bbox 817 3971 975 4062; x_wconf 87' lang='lat' dir='ltr'>ponimus</span> <span class='ocrx_word' id='word_1_255' title='bbox 1008 3971 1172 4052; x_wconf 76' lang='lat' dir='ltr'>&#39;rhomam</span> <span class='ocrx_word' id='word_1_256' title='bbox 1201 3973 1304 4065; x_wconf 77' lang='lat' dir='ltr'>¹ilium</span> <span class='ocrx_word' id='word_1_257' title='bbox 1334 3973 1462 4062; x_wconf 81' lang='lat' dir='ltr'>origine</span> <span class='ocrx_word' id='word_1_258' title='bbox 1496 3968 1632 4061; x_wconf 75' lang='lat' dir='ltr'>Caieta·</span> <span class='ocrx_word' id='word_1_259' title='bbox 1732 4010 1734 4014; x_wconf 84' lang='grc'><em>·</em></span> <span class='ocrx_word' id='word_1_260' title='bbox 1837 3952 1844 4040; x_wconf 60' lang='grc'>’.</span> 
     </span>
     <span class='ocr_line' id='line_1_31' title="bbox 298 4086 1631 4186; baseline -0.002 -26"><span class='ocrx_word' id='word_1_261' title='bbox 298 4107 410 4173; x_wconf 82' lang='lat' dir='ltr'>nunt,</span> <span class='ocrx_word' id='word_1_262' title='bbox 453 4091 484 4156; x_wconf 77' lang='grc' dir='ltr'>δι</span> <span class='ocrx_word' id='word_1_263' title='bbox 518 4092 801 4180; x_wconf 71' lang='lat' dir='ltr'>christophorum</span> <span class='ocrx_word' id='word_1_264' title='bbox 832 4090 1025 4173; x_wconf 83' lang='lat' dir='ltr'>Numalium</span> <span class='ocrx_word' id='word_1_265' title='bbox 1046 4142 1057 4174; x_wconf 84' lang='grc'><em>,</em></span> <span class='ocrx_word' id='word_1_266' title='bbox 1080 4114 1227 4184; x_wconf 89' lang='lat' dir='ltr'>quorum</span> <span class='ocrx_word' id='word_1_267' title='bbox 1262 4089 1347 4160; x_wconf 88' lang='lat' dir='ltr'>alter</span> <span class='ocrx_word' id='word_1_268' title='bbox 1384 4086 1631 4186; x_wconf 73' lang='lat' dir='ltr'>praeleiiuram</span> 
     </span>
     <span class='ocr_line' id='line_1_32' title="bbox 300 4207 1633 4303; baseline -0.004 -22"><span class='ocrx_word' id='word_1_269' title='bbox 300 4213 438 4303; x_wconf 72' lang='lat' dir='ltr'>gerebat</span> <span class='ocrx_word' id='word_1_270' title='bbox 468 4213 795 4300; x_wconf 84' lang='lat' dir='ltr'>Dominicanorum‚</span> <span class='ocrx_word' id='word_1_271' title='bbox 827 4210 911 4292; x_wconf 84' lang='lat' dir='ltr'>alter</span> <span class='ocrx_word' id='word_1_272' title='bbox 936 4210 1261 4296; x_wconf 83' lang='lat' dir='ltr'>Francisc‘anorum,</span> <span class='ocrx_word' id='word_1_273' title='bbox 1284 4207 1442 4286; x_wconf 87' lang='lat' dir='ltr'>homines</span> <span class='ocrx_word' id='word_1_274' title='bbox 1466 4231 1549 4278; x_wconf 91' lang='lat' dir='ltr'>sane</span> <span class='ocrx_word' id='word_1_275' title='bbox 1571 4207 1633 4277; x_wconf 92' lang='lat' dir='ltr'>do·</span> 
     </span>
     <span class='ocr_line' id='line_1_33' title="bbox 302 4321 1632 4430; baseline -0.008 -25"><span class='ocrx_word' id='word_1_276' title='bbox 302 4321 410 4405; x_wconf 73' lang='lat' dir='ltr'>ctrina</span> <span class='ocrx_word' id='word_1_277' title='bbox 447 4335 481 4402; x_wconf 82' lang='lat' dir='ltr'>ac</span> <span class='ocrx_word' id='word_1_278' title='bbox 511 4332 657 4402; x_wconf 87' lang='lat' dir='ltr'>moribus</span> <span class='ocrx_word' id='word_1_279' title='bbox 692 4329 978 4418; x_wconf 74' lang='lat' dir='ltr'>spetlatissimos.</span> <span class='ocrx_word' id='word_1_280' title='bbox 1013 4333 1136 4422; x_wconf 79' lang='lat' dir='ltr'>Magna</span> <span class='ocrx_word' id='word_1_281' title='bbox 1168 4351 1302 4430; x_wconf 84' lang='lat' dir='ltr'>quoque</span> <span class='ocrx_word' id='word_1_282' title='bbox 1331 4347 1404 4408; x_wconf 91' lang='lat' dir='ltr'>erat</span> <span class='ocrx_word' id='word_1_283' title='bbox 1434 4328 1469 4405; x_wconf 86' lang='lat' dir='ltr'>in</span> <span class='ocrx_word' id='word_1_284' title='bbox 1495 4326 1632 4418; x_wconf 86' lang='lat' dir='ltr'>opinio·</span> 
     </span>
     <span class='ocr_line' id='line_1_34' title="bbox 303 4442 1630 4544; baseline -0.006 -18"><span class='ocrx_word' id='word_1_285' title='bbox 303 4469 347 4530; x_wconf 87' lang='lat' dir='ltr'>tte</span> <span class='ocrx_word' id='word_1_286' title='bbox 385 4449 473 4542; x_wconf 87' lang='lat' dir='ltr'>apud</span> <span class='ocrx_word' id='word_1_287' title='bbox 506 4457 636 4535; x_wconf 83' lang='lat' dir='ltr'>omnes·</span> <span class='ocrx_word' id='word_1_288' title='bbox 662 4442 866 4536; x_wconf 81' lang='lat' dir='ltr'>Laurentius</span> <span class='ocrx_word' id='word_1_289' title='bbox 897 4451 1119 4543; x_wconf 76' lang='lat' dir='ltr'>Campeggius</span> <span class='ocrx_word' id='word_1_290' title='bbox 1146 4445 1254 4528; x_wconf 87' lang='lat' dir='ltr'>nobili</span> <span class='ocrx_word' id='word_1_291' title='bbox 1292 4469 1415 4544; x_wconf 72' lang='lat' dir='ltr'>genere</span> <span class='ocrx_word' id='word_1_292' title='bbox 1453 4447 1630 4535; x_wconf 82' lang='lat' dir='ltr'>Bononiae</span> 
     </span>
    </p>
   </div>
   <div class='ocr_carea' id='block_1_3' title="bbox 987 4567 1101 4663">
    <p class='ocr_par' dir='ltr' id='par_1_6' title="bbox 987 4567 1101 4663">
     <span class='ocr_line' id='line_1_35' title="bbox 987 4567 1101 4663; baseline -0.026 0"><span class='ocrx_word' id='word_1_293' title='bbox 987 4567 1023 4663; x_wconf 90' lang='lat' dir='ltr'>Q</span> <span class='ocrx_word' id='word_1_294' title='bbox 1095 4654 1101 4660; x_wconf 85' lang='lat'>.</span> 
     </span>
    </p>
   </div>
   <div class='ocr_carea' id='block_1_4' title="bbox 0 0 2211 5828">
    <p class='ocr_par' dir='ltr' id='par_1_7' title="bbox 0 0 2211 5828">
     <span class='ocr_line' id='line_1_36' title="bbox 0 0 2211 5828; baseline 0 0"><span class='ocrx_word' id='word_1_295' title='bbox 0 0 2211 5828; x_wconf 95' lang='lat' dir='ltr'> </span> 
     </span>
    </p>
   </div>
  </div>
 </body>
</html>
