4386 5838
661 647 727 728 r46
1054 649 1081 718 L
1129 645 1156 717 E
1204 645 1237 717 0
1285 645 1317 718 Ν
1364 651 1379 721 Ῑ
1427 645 1449 719 S
1522 646 1565 722 X.
1933 737 1936 751 ι

604 786 671 852 suo
695 763 909 854 impendere.
936 769 1054 860 Neque
1078 767 1278 847 liberalitate
1304 794 1343 841 se
1369 768 1463 840 vinci
1494 789 1613 857 passus
1638 782 1690 840 est
1721 764 1950 840 Francisctts.
2017 837 2021 845 ,

603 884 756 970 Sponsae
781 887 869 955 enim
896 886 1012 958 dotem
1040 891 1248 980 assignavit,
1274 913 1316 961 ex
1341 914 1410 983 qua
1443 889 1596 960 redibant
1631 889 1813 979 quotannis
1847 887 1942 979 quin·

573 1025 671 1094 ‚que
697 1004 802 1074 millia
829 1032 1010 1081 aureorum
1036 1035 1200 1093 numum,
1239 1031 1393 1103 quaeque
1428 1031 1498 1078 non
1537 1009 1637 1078 modo
1678 1005 1847 1084 liberalis,
1889 1001 1950 1074 sed

605 1123 706 1212 plane
732 1128 820 1218 regia
844 1131 990 1224 judicata
1015 1151 1086 1202 est.
1112 1129 1202 1201 Nihil
1227 1131 1317 1201 enim
1341 1130 1532 1224 hujusmodi
1553 1148 1654 1199 antea
1684 1127 1839 1197 viderant
1870 1121 1950 1193 Flo·

605 1244 757 1331 rentini,
782 1250 841 1338 qui
863 1253 1068 1339 parsimonia
1092 1253 1123 1318 δι
1141 1253 1371 1322 moderatione
1388 1252 1423 1321 in
1438 1251 1552 1339 primis
1568 1245 1821 1319 deledabantur
1838 1243 1947 1330 (70).

604 1363 704 1433 Nova
729 1387 836 1457 nupta
860 1368 1124 1458 splendidissimo
1150 1392 1314 1463 apparatu
1339 1369 1529 1441 Florentiae
1557 1390 1697 1457 excepta
1729 1387 1803 1450 est,
1818 1383 1858 1434 ut
1875 1387 1948 1436 non

605 1485 820 1573 citem,·sed
844 1491 1013 1562 dominam
1040 1493 1082 1564 ad
1107 1495 1221 1564 urbem
1257 1491 1445 1562 accessisse
1471 1489 1680 1580 judicasses.
1712 1487 1817 1579 Quod
1850 1484 1951 1556 bonis

606 1607 692 1680 adeo
720 1609 824 1681 initiis
851 1613 1000 1702 juuditrm
1014 1632 1066 1684 est
1082 1613 1305 1706 conjugium,
1330 1613 1443 1682 tristes
1469 1610 1589 1680 habuit
1614 1608 1751 1679 exitus.
1778 1611 1861 1680 Nam
1884 1607 1952 1678 de·

610 1730 732 1800 cimum
762 1729 832 1803 fere
857 1751 935 1820 post
961 1756 1109 1806 mensem
1136 1735 1192 1804 illa
1226 1751 1368 1804 mortem
1403 1731 1542 1817 obivit,
1578 1730 1613 1800 in
1645 1751 1804 1818 supremo
1844 1723 1950 1824 morbi

605 1847 734 1936 impetu
760 1848 905 1938 puellam
930 1854 1053 1936 enixa,
1083 1855 1139 1924 cui
1163 1853 1247 1925 favit
1273 1853 1358 1924 adeo
1384 1850 1545 1930 fortuna,
1570 1867 1608 1919 ut
1633 1850 1667 1918 in
1701 1845 1953 1918 matrimonium

607 1966 777 2040 collocata
800 1968 905 2041 fuerit
934 1975 1081 2045 Henrico
1103 1975 1144 2043 11.
1168 1971 1346 2042 Gallorum
1373 1973 1479 2062 Regi.
1505 1971 1672 2041 Stravisse
1714 1967 1806 2038 illam
1828 1965 1954 2046 marito

607 2088 701 2158 viam
726 2087 1015 2178 letho'dixisses,
1040 2093 1133 2184 quod
1158 2091 1214 2163 hic
1239 2092 1383 2181 septimo
1409 2111 1487 2182 post
1513 2092 1589 2176 dic,
1614 2091 1672 2182 qni
1696 2087 1762 2160 suit
1786 2103 1845 2160 111.
1872 2101 1953 2154 ante
1979 2100 1985 2110 '

506 2247 511 2255 =
608 2231 691 2304 non.
717 2209 799 2282 Maii
825 2235 878 2282 an.
906 2228 1053 2284 moxtx.
1078 2211 1236 2284 diuturno
1263 2211 1349 2282 cous
1352 2210 1486 2284 lidlatus
1504 2213 1622 2283 morbo
1638 2235 1680 2282 ex
1705 2205 1954 2282 incontinentia

607 2329 786 2402 contrado
811 2330 917 2400 vitam
943 2331 1116 2402 amiserit.
1138 2335 1255 2403 Funus
1282 2331 1346 2401 fuit
1372 2333 1499 2422 regium
1527 2331 1621 2417 fere,
1645 2333 1810 2423 obsequio
1845 2325 1954 2417 magis

607 2445 645 2518 in
670 2449 896 2531 Pontificem,
920 2473 1020 2543 quam
1047 2451 1175 2522 civium
1202 2431 1315 2522 amore
1350 2450 1610 2532 celebrandum,
1651 2449 1950 2537 laudationemque

606 2566 729 2640 habuit
752 2570 953 2643 Franciscus
987 2571 1191 2654 Diaccetus,
1226 2575 1279 2642 vit
1303 2571 1492 2642 litterarum
1519 2569 1683 2657 scientia,
1709 2563 1950 2659 &eloquendi

606 2684 775 2777 elegantia
799 2689 933 2762 clarus.
957 2691 1027 2782 Qui
1051 2691 1093 2762 de
1116 2689 1226 2783 gloria
1252 2693 1423 2762 Pontificis
1438 2691 1665 2774 laborabant,
1690 2689 1725 2758 in
1756 2711 1816 2778 spe
1833 2706 1950 2782 eraut,

608 2805 686 2878 {ore
711 2825 749 2878 ut
773 2831 819 2879 ex
845 2807 935 2882 illit'ts
961 2811 1060 2882 obitu
1086 2812 1301 2890 occasionem
1322 2831 1468 2883 sumeret
1494 2835 1535 2882 ea
1552 2811 1693 2882 curandi
1718 2808 1842 2891 unice,
1868 2831 1956 2899 quae

604 2947 628 2996 e
652 2947 713 2996 sua
728 2927 904 3019 dignitate
935 2953 1009 3002 esse
1047 2931 1277 3015 viderentur,
1319 2931 1403 3001 adeo
1445 2920 1618 3002 omnibns
1637 2930 1774 3002 literant
1812 2927 1956 3012 odiosa,

609 3065 699 3136 quae
723 3069 785 3136 pro
818 3050 967 3140 ejusdem
1010 3047 1248 3137 amplificanda
1284 3051 1422 3134 fortuna
1454 3069 1604 3142 gesserat
1642 3045 1755 3140 (71).
1789 3048 1855 3118 Ubi
1894 3047 1954 3115 lric

609 3165 743 3236 audivit
767 3165 810 3238 de
835 3167 945 3259 ipsius
971 3167 1084 3240 salute
1111 3169 1307 3262 desperari,
1334 3171 1428 3240 misit
1454 3167 1658 3240 Florentiam
1684 3147 1958 3239 Julium'Cardi-

607 3285 723 3358 naleru
747 3309 827 3358 cunr
848 3286 1022 3358 mandatis
1051 3289 1283 3378 prospiciendi
1306 3292 1408 3360 rebus
1433 3289 1601 3380 publicis.
1627 3289 1688 3358 Hic
1712 3287 1811 3378 quasi
1836 3303 1959 3376 parent

612 3401 751 3487 bonus,
787 3421 845 3475 aut
879 3423 975 3476 tutor
1008 3405 1118 3476 fidelis
1152 3431 1227 3479 esse
1255 3409 1417 3491 deberet,
1455 3409 1547 3478 omni
1582 3427 1677 3494 arte,
1702 3407 1866 3498 omnique
1888 3405 1958 3474 hu·

615 3521 792 3594 manitatis
822 3547 970 3616 genere,
995 3527 1113 3598 addam
1139 3531 1240 3600 etiam
1266 3527 1432 3617 patientia
1448 3525 1608 3619 singulari
1633 3529 1668 3599 in
1695 3527 1872 3598 audiendis
1887 3525 1959 3595 ho-

611 3643 741 3714 minum
770 3644 926 3732 precibus
952 3651 985 3718 bt
1009 3647 1183 3738 querelis,
1205 3653 1239 3718 bt
1266 3649 1507 3738 componendis
1533 3649 1796 3725 controversiis,
1814 3645 1874 3716 uel
1890 3667 1956 3714 eo·

499 3789 502 3797 ·
611 3785 714 3845 runt,
740 3763 802 3857 qui
828 3765 941 3858 jatlati
966 3765 1119 3839 fluuium
1145 3769 1365 3858 Reipublicae
1389 3789 1452 3840 aut
1482 3771 1516 3840 in
1543 3793 1675 3852 coeno,
1717 3788 1775 3840 aut
1814 3771 1847 3840 in
1874 3767 1959 3838 alie·

611 3884 666 3954 nis
692 3885 790 3956 terris
816 3886 992 3978 jacebant,
1016 3891 1146 3962 curavit
1172 3881 1355 3962 conciliare
1377 3891 1440 3960 sibi
1467 3877 1593 3962 civium
1610 3891 1760 3976 animos,
1787 3913 1875 3982 quos
1896 3913 1957 3961 su-

613 4004 728 4096 perbi,
753 4005 980 4079 ambitiosi&
1006 4009 1071 4080 feri
1095 4033 1204 4081 mores
1228 4010 1403 4084 Laurentii
1429 4011 1664 4083 alienaverant
1689 4061 1699 4082 .
1735 4011 1825 4082 Nihil
1872 4011 1960 4107 enirn

614 4125 652 4198 in
675 4126 742 4198 hoc
765 4149 912 4222 unquam
941 4131 1152 4203 moderatum
1173 4133 1351 4224 apparuit,
1379 4119 1515 4223 luitque
1543 4129 1632 4203 fana
1656 4133 1767 4224 ipsum
1791 4133 1958 4226 aspirasse

612 4247 655 4318 ad
679 4247 884 4339 subigendos
908 4253 1070 4322 Senenses
1091 4247 1175 4336 (pa)
1199 4257 1232 4324 δι
1258 4254 1456 4334 Lucenses,
1481 4263 1515 4324 et
1540 4231 1663 4325 servile
1682 4253 1796 4348 jugum
1823 4255 1952 4343 patriae

610 4363 875 4456 inponendum,
901 4393 1096 4461 quanquam
1133 4371 1170 4442 in
1197 4373 1379 4462 Republica
1414 4397 1492 4446 cum
1530 4393 1703 4463 potestate
1743 4379 1775 4440 δι
1812 4371 1953 4464 imperio

614 4505 826 4563 ¹cessaretur.
848 4489 921 4587 Qui
952 4513 996 4562 ex
1019 4489 1097 4564 tulit
1118 4494 1357 4584 sermonibus,
1379 4495 1439 4590 qui
1464 4518 1546 4570 saue
1568 4513 1643 4570 erat
1667 4493 1710 4570 ad
1735 4515 1835 4568 omne
1860 4493 1962 4568 sime·
