4386 5838
702 703 707 712 '
748 699 778 768 V
872 705 888 772 1
984 703 1017 773 Τ
1114 701 1145 771 Α
1187 689 1193 700 ’
1517 701 1605 794 ”ron

326 803 755 906 Horentiamconcessit,
781 839 885 891 urea
911 837 1067 911 pararet,
1092 844 1179 913 quae
1219 817 1260 892 ad
1283 818 1528 892 defensionem
1554 823 1659 892 Etru·

328 942 401 1013 riae
420 941 614 1014 necessaria
639 961 757 1012 erant.
783 943 868 1010 Cum
894 942 1056 1013 scriberet
1084 965 1172 1014 vero
1208 939 1364 1012 Pontifex
1406 939 1448 1010 ad
1472 941 1658 1023 Senenses,

325 1063 458 1134 monuit
481 1086 540 1134 eos
553 1109 567 1145 ,
591 1087 660 1133 non
684 1061 758 1132 fore
783 1082 878 1132 turos
905 1087 924 1132 a
949 1061 1064 1133 Feltrii
1090 1061 1215 1146 armis,
1251 1079 1343 1132 certo
1363 1060 1453 1130 enim
1478 1083 1514 1130 se
1540 1060 1656 1139 scire,

326 1179 421 1252 illum
447 1181 618 1254 Perusinis
648 1205 667 1250 e
695 1181 817 1252 finibus
844 1181 885 1250 ad
912 1179 989 1251 illos
1015 1179 1265 1271 profecturum,
1291 1204 1395 1274 quare
1413 1173 1505 1250 bono
1541 1179 1656 1250 animo

325 1319 471 1388 essent,
495 1321 653 1391 pararent
678 1326 743 1385 ea,
768 1327 856 1394 quae
882 1326 940 1391 per
970 1323 1030 1369 eos
1054 1299 1126 1371 fieri
1149 1319 1330 1390 poterant,
1354 1321 1397 1370 ue
1423 1297 1578 1386 imparati
1594 1294 1656 1366 of-

326 1419 565 1504 senderentur‚
591 1422 707 1495 ornnia
733 1445 752 1492 a
776 1445 812 1492 se
846 1415 1088 1509 expectarent,
1114 1421 1397 1514 mandavisseque
1433 1421 1498 1512 jam
1523 1415 1656 1504 copiis,

326 1565 411 1633 quas
438 1568 457 1614 a
481 1542 612 1613 Galliae
635 1545 666 1608 δι
687 1543 866 1630 Hispaniae
883 1541 1029 1631 Regibus
1049 1539 1271 1621 obtinuerat,
1295 1557 1334 1610 ut
1359 1535 1559 1630 conjunliae
1580 1558 1658 1608 cum

324 1662 393 1730 suis
416 1660 534 1732 hostes
564 1665 1085 1754 subsequerentur,eorumque
1123 1657 1274 1728 nefarios
1310 1658 1461 1746 impetus
1498 1654 1655 1725 retarda-

323 1799 423 1850 rent.
448 1784 574 1851 Eodem
600 1803 751 1871 tempore
779 1783 911 1852 animos
947 1780 1075 1849 addidit
1101 1777 1273 1848 Ludovico
1305 1776 1495 1848 Tudertino
1516 1825 1525 1858 ,
1550 1789 1587 1844 ut
1622 1775 1657 1842 in

322 1901 450 1989 oppido
475 1902 532 1972 illo
558 1903 740 1972 muniendo
765 1925 900 2000 omnem
925 1922 1060 1990 operam
1087 1915 1253 1987 poneret,
1278 1897 1424 1988 dumque
1452 1893 1542 1964 illius
1577 1916 1657 1984 erga

321 2044 359 2090 se
384 2023 534 2092 studium
554 2019 691 2102 laudat,
724 2021 902 2110 plurimum
928 2043 964 2088 se
994 2016 1107 2088 dolere
1134 2019 1209 2098 ait,
1243 2016 1335 2109 quod
1366 2015 1424 2084 alii
1453 2014 1578 2109 purtim
1612 2015 1657 2084 ti-

321 2163 410 2213 ntore
447 2139 613 2236 periculi,
644 2139 767 2233 partim
793 2139 913 2210 inertia
937 2159 1024 2220 suo,
1051 2136 1204 2208 nonnulli
1229 2139 1325 2209 etium
1346 2133 1514 2231 perfidio,
1548 2134 1605 2206 uel
1640 2159 1659 2207 e

321 2265 427 2335 medio
452 2285 488 2333 se
513 2259 750 2340 subduxerint,
776 2256 834 2328 vel
855 2280 929 2328 curn
955 2255 1105 2329 hostibus
1130 2281 1166 2329 se
1190 2257 1442 2350 conjunxerint.
1467 2261 1551 2326 Cum
1578 2253 1660 2325 Fel-

322 2384 409 2452 trius
435 2381 606 2452 Perusiam
632 2380 857 2465 accessisset,
883 2379 977 2450 cives
1001 2379 1214 2468 eruptionem
1241 2378 1276 2448 in
1302 2375 1392 2446 illius
1418 2378 1534 2464 copias
1562 2373 1658 2445 fece*

322 2521 403 2573 runt
422 2549 433 2580 ,
459 2499 595 2571 fortiter
620 2519 826 2591 strenueque
843 2499 1025 2592 pugnando
1041 2521 1196 2588 magnam
1213 2495 1278 2566 illis
1303 2494 1429 2566 cladem
1447 2494 1657 2582 intulerunt,

321 2618 531 2712 victoresque
556 2621 591 2689 in
616 2621 779 2708 oppidum
804 2643 841 2688 se
866 2635 1085 2708 receperunt.
1112 2618 1192 2707 Qua
1217 2617 1257 2687 de
1279 2641 1314 2687 re
1338 2633 1457 2686 extant
1483 2614 1659 2684 Pontificis

310 2736 457 2810 ¹litterae
484 2739 526 2810 ad
543 2737 773 2824 'Ballionium,
799 2738 922 2829 quibus
944 2735 991 2806 illi
1019 2740 1052 2807 δι
1072 2733 1211 2836 εἰγίῑεῑίΙ
1223 2733 1439 2823 gratulatur,
1463 2734 1555 2824 quod
1571 2785 1580 2819 ,
1597 2734 1660 2804 ltoc
1772 2739 1775 2754 '

305 2858 469 2949 consulo
488 2857 659 2949 facinore,
682 2854 868 2952 singularia
893 2854 1022 2926 illorum
1047 2857 1161 2926 merita
1197 2855 1233 2922 in
1269 2850 1518 2945 Rempullicarn
1551 2873 1660 2946 praee
1702 2916 1708 2925 .

325 2977 415 3050 clare
438 2972 702 3072 amplificarunt.
728 2978 819 3049 Dum
844 2975 1010 3048 scribebat
1036 2997 1118 3048 vero
1145 2975 1186 3046 ad
1211 2975 1387 3045 Potentiae
1414 2971 1599 3056 Comitem,
1625 2975 1658 3040 ec

324 3096 476 3187 Sissam,
500 3121 646 3191 quorum
672 3094 756 3174 alter
780 3093 974 3167 Praefedius
999 3114 1072 3168 erat
1094 3095 1325 3184 Hispanorum
1362 3091 1538 3179 militum,
1574 3093 1660 3166 alter

311 3215 527 3303 Gallorum,
554 3217 662 3289 aitse
687 3216 864 3292 nonsatis
890 3215 977 3286 scire
1002 3214 1120 3286 hostes
1161 3213 1367 3287 discedentes
1406 3212 1543 3285 Perusia
1586 3215 1658 3304 qu'o

326 3360 482 3431 pergere,
509 3355 568 3407 aut
593 3337 674 3429 quid
699 3337 833 3428 aggredi
859 3335 1069 3428 cogitarent,
1094 3353 1129 3406 at
1154 3359 1355 3428 magnopere
1392 3333 1468 3406 illos
1501 3333 1663 3418 hortari,

325 3479 369 3528 ne
395 3457 633 3549 conquiescere
656 3455 831 3544 sinerent,
855 3481 1023 3551 omneque
1048 3479 1156 3547 genus
1181 3455 1356 3527 molestiae
1396 3479 1435 3528 ac
1467 3454 1662 3526 detrimenti

325 3577 391 3650 illis
418 3573 613 3660 inferrentr
638 3594 737 3666 turpe
763 3577 805 3649 iis
834 3575 931 3661 fore,
949 3576 987 3646 si
1010 3598 1098 3668 quos
1122 3576 1277 3648 Perusini
1303 3599 1408 3666 parva
1432 3595 1535 3650 manu
1559 3571 1660 3644 sude·

326 3715 384 3782 re,
410 3695 476 3784 ipsi
503 3694 654 3789 legitimo
679 3694 994 3768 exercitu'minime
1018 3693 1187 3768 delerent.
1210 3696 1296 3766 Sane
1319 3691 1406 3764 nihil
1443 3694 1662 3783 praetermit-

328 3815 420 3886 tebat
448 3817 544 3901 Leo,
571 3833 641 3906 quo
666 3814 781 3886 studia
805 3816 1035 3906 potentiorum
1062 3816 1125 3887 sibi
1162 3812 1386 3919 conciliaret,
1422 3827 1661 3900 everteretque

329 3933 371 4004 ab
402 3933 559 4018 homine,
586 3955 686 4026 quem
718 3934 899 4024 impiorum
937 3957 976 4006 ac
1013 3932 1254 4006 sceleratorum
1292 3953 1434 4004 numero
1469 3929 1661 4003 habendum
1763 3999 1766 4010 ,

250 4081 252 4085 ·
310 4053 467 4145 ajebat,
493 4052 544 4124 illi
569 4053 826 4140 decedendum,
851 4055 977 4126 aditum
1010 4053 1158 4150 ejusdem
1187 4059 1442 4144 sermonemque
1480 4037 1678 4141 defugien-⁸

308 4171 432 4259 dum,
454 4195 499 4244 ne
531 4172 613 4262 quid
639 4195 681 4244 ex
706 4173 911 4265 contagione
935 4172 1140 4244 incommodi
1176 4171 1407 4260 acciperetur.
1442 4169 1554 4259 Atque
1579 4169 1661 4258 hie,

328 4290 479 4366 dirarum
505 4289 771 4364 obuunciarione
804 4291 972 4382 negledda,
1004 4291 1121 4362 eadem
1159 4289 1199 4359 de
1236 4286 1443 4378 prosetiione
1481 4287 1663 4377 cogitans,

329 4431 416 4498 quae
444 4427 545 4479 antea
567 4427 739 4494 senserat,
764 4408 829 4479 iter
859 4407 1035 4480 Tifernum
1060 4431 1180 4480 versus
1207 4409 1344 4492 direxit,
1363 4429 1517 4497 ,sperans
1544 4430 1600 4494 per
1624 4410 1660 4479 S.

309 4527 480 4620 .Sepulcri
513 4525 674 4619 oppidum
716 4525 849 4605 facilen
884 4527 947 4606 sibi
975 4525 1048 4606 lore
1065 4571 1066 4574 κ
1085 4529 1121 4606 ia
1159 4529 1328 4604 Etruriam
1346 4525 1554 4599 introitum.
1591 4527 1658 4602 Sed
