4372 5842
675 707 705 775 V
801 711 815 778 1
865 650 945 778 (T
1044 713 1074 780 Α
1467 719 1534 776 aot

259 827 426 909 invitabat
450 849 565 897 omnes
593 825 634 895 atl
659 828 761 910 illos,
786 828 939 923 aliosque
963 827 1158 924 hujusmodi
1179 827 1446 922 conquirendos,
1472 826 1587 896 mitte·

260 950 318 1021 bat
342 951 386 1022 ad
410 948 649 1024 remotissimas
676 950 829 1040 regiones
853 951 1030 1039 homines,
1056 954 1113 1045 qui
1139 973 1177 1025 ut
1197 973 1297 1024 canes
1322 949 1473 1022 venatici
1499 947 1589 1035 opti·

260 1093 313 1142 me
338 1067 561 1138 odoraremur
589 1069 722 1154 omnia,
748 1068 949 1142 &latebras
982 1071 1280 1154 bibliothecarum,
1304 1071 1336 1137 &
1369 1068 1590 1140 monasterio·

263 1213 336 1259 rum
361 1211 512 1260 recessus
540 1190 827 1280 pervestigarent,
853 1195 886 1262 u
909 1189 1040 1261 litteras
1067 1189 1168 1262 dabat
1194 1192 1236 1262 ad
1261 1190 1445 1281 Episcopos
1473 1213 1511 1260 ac
1527 1191 1588 1256 Re-

153 1311 157 1316 ’
263 1329 344 1398 ges,
368 1325 434 1387 ut,
464 1307 728 1400 quibuscumque
761 1307 861 1379 rebus
881 1327 1045 1400 possent,
1070 1310 1151 1380 huic
1176 1310 1363 1382 rectissimo
1388 1307 1501 1377 studio
1526 1329 1591 1379 suo

161 1415 166 1424 ¹
265 1427 456 1518 adjumenta
480 1428 657 1498 afferrent,
681 1429 731 1497 Ex
755 1427 815 1510 iis,
831 1451 923 1520 quae
949 1432 1097 1498 Faustus
1120 1429 1246 1498 Sabeus
1268 1425 1454 1496 Vaticanae
1476 1425 1594 1496 biblio·

262 1549 382 1618 thecae
415 1541 624 1635 praefectus,
649 1549 714 1618 hac
738 1547 780 1618 de
805 1569 925 1620 caussa
950 1553 983 1620 81
1009 1545 1087 1618 secit
1111 1551 1145 1618 bt
1171 1545 1274 1629 tulit,
1310 1543 1409 1617 sacile
1434 1545 1476 1616 de
1506 1563 1596 1614 cete·

263 1669 310 1742 ris
335 1667 516 1762 judicabis.
543 1669 645 1738 Extat
669 1667 760 1740 enim
785 1666 873 1740 illius
900 1667 1128 1762 epigramma,
1154 1689 1224 1762 quo
1259 1667 1307 1741 sic
1341 1669 1486 1740 Leonem
1513 1663 1595 1736 allo·

200 1873 202 1878 Ι
262 1805 406 1881 quitur.

459 2027 542 2126 Ipse
567 2027 628 2102 tuli
649 2051 714 2124 pro
740 2011 1027 2110 sedissentne,
1052 2031 1203 2115 damna,
1230 2026 1388 2117 labores,

410 2147 415 2150 ’
558 2147 605 2218 Et
627 2151 741 2220 varios
765 2171 865 2220 casus
889 2147 1041 2220 barbarie
1066 2152 1102 2219 in
1127 2152 1260 2234 medio,

461 2269 598 2340 carcere
622 2287 661 2339 ut
684 2266 911 2364 eriperem&
932 2267 1057 2341 vinclis
1081 2266 1114 2342 ὃ
1137 2271 1257 2362 funere
1280 2269 1400 2356 libros,

561 2387 627 2479 Qui
652 2391 967 2484 te'corrspt'cerent,
992 2387 1193 2487 &patriam
1220 2390 1383 2463 reduces.

249 2631 373 2725 ‘Hujus
397 2629 559 2719 praeclari
583 2628 688 2700 studii
712 2629 834 2702 Leonis
866 2651 1085 2702 monumenta
1122 2654 1258 2724 quoque
1289 2628 1392 2701 habes
1426 2625 1514 2718 apud
1537 2630 1599 2698 Pe·

266 2769 354 2820 trum
379 2749 547 2833 bailium,
572 2748 629 2840 qui
654 2770 752 2818 suurn
779 2747 815 2816 in
839 2746 1076 2818 dielionarium
1108 2750 1226 2821 retulit
1250 2748 1347 2819 binas
1374 2749 1478 2836 ipsius
1503 2746 1599 2818 litte-

265 2881 323 2938 ras·
347 2868 390 2938 ad
415 2865 588 2938 Albertum
605 2867 961 2958 brandeburgensem,
986 2867 1107 2958 quibus
1124 2865 1173 2934 illi
1191 2867 1407 2936 vehementer
1433 2889 1598 2937 commen·

266 2989 365 3062 davit
389 2992 548 3059 loannem
574 2989 751 3074 Heytmers
775 2987 817 3057 de
841 2985 1035 3056 Zonvelbert
1063 2983 1224 3055 clericum
1244 2983 1461 3054 leodiensem
1476 3037 1486 3068 ,
1501 3010 1600 3076 quem

267 3108 312 3179 ad
344 3106 500 3178 nationes
536 3105 691 3176 mittebat
725 3107 951 3191 Germaniae,
977 3105 1136 3188 Dauiae,
1170 3103 1325 3186 Sretiae,
1354 3107 1542 3196 Norvegiae
1567 3109 1601 3177 δι

266 3225 415 3296 Gothiae
439 3247 500 3313 pro
519 3223 720 3315 quaerendis
747 3223 898 3315 antiquis
932 3223 1051 3307 libris,
1083 3223 1291 3314 maximeque
1329 3224 1523 3294 historicis.
1548 3224 1601 3293 Si·

262 3345 362 3425 'milia
389 3345 492 3414 habes
519 3341 555 3411 in
580 3343 618 3412 iis
644 3340 895 3434 litteris,qt1as
932 3343 974 3414 ad
1000 3343 1129 3413 Daniae
1153 3345 1277 3433 Regem
1297 3343 1423 3428 dedit,
1449 3343 1491 3414 de
1515 3342 1602 3434 qui-

268 3464 330 3536 bus
357 3461 445 3532 illius
471 3461 581 3552 gentis
620 3461 774 3532 historici
809 3462 1011 3531 mentionem
1051 3453 1205 3533 se'cerurrt
1241 3461 1385 3550 (113).
1426 3461 1603 3536 Attxiliuns

267 3584 377 3653 etiarn
399 3578 605 3670 simploravit
646 3583 679 3650 bt
718 3573 915 3669 efflagitavit
954 3582 1121 3654 leonardi
1158 3583 1346 3654 Lauredatti
1383 3580 1603 3654 Venetiarum

275 3699 467 3790 Principis,
490 3687 626 3790 quando
650 3699 686 3771 itt
712 3696 803 3768 illam
826 3700 942 3770 urbem
983 3701 1075 3771 misit
1110 3702 1339 3792 Angttstinum
1377 3678 1575 3772 Beatianum
1591 3747 1604 3782 ,

276 3841 377 3911 quem
408 3817 584 3919 hominem
618 3818 756 3910 iugenio
789 3824 824 3890 δι
864 3817 1015 3890 ἀοόἱιῐιια
1058 3838 1311 3909 praestantem,
1337 3819 1602 3909 familiaremque

275 3957 376 4010 suum
401 3955 527 4022 vocat,
552 3931 609 4009 cui
633 3937 668 4008 id
692 3936 887 4010 mandatum
910 3919 1023 4027 derlit,
1047 3961 1087 4012 ut
1119 3939 1204 4011 nulli
1238 3940 1385 4028 sumptui
1422 3953 1599 4027 parceret,

273 4053 354 4128 (lum
374 4056 417 4128 ad
432 4080 468 4128 se
494 4057 701 4134 Graecorum
726 4057 888 4130 librorum
907 4081 1048 4130 messem
1065 4057 1229 4130 deferret.
1254 4059 1332 4127 Hos
1351 4059 1385 4126 in
1409 4057 1483 4145 ipsa
1497 4058 1607 4124 Grae·
1688 4117 1695 4134 ,

270 4176 325 4247 cia
348 4176 541 4268 quaesivit,
565 4177 606 4246 iis
629 4198 664 4244 se
691 4173 849 4246 aemulari
880 4175 1019 4270 dicens,
1048 4177 1112 4272 qui
1147 4197 1188 4246 aa
1204 4159 1414 4261 habebant,
1450 4197 1537 4266 quae
1564 4195 1602 4244 se
1712 4259 1715 4277 ι

268 4293 394 4368 habere
418 4295 595 4383 cupiebat.
620 4294 715 4365 Inter
735 4311 860 4367 ceteras
883 4315 1008 4377 curus,
1030 4293 1065 4364 in
1088 4289 1170 4368 haec
1196 4291 1302 4365 serme
1336 4293 1442 4366 verba
1474 4293 1625 4364 scribe·'

270 4412 330 4484 bat
355 4413 397 4486 ad
422 4411 636 4510 ¹Franciscum
660 4415 805 4496 Rosam,
831 4433 914 4507 quos
938 4413 973 4484 itt
999 4412 1063 4486 lruc
1085 4407 1303 4486 humanorum
1324 4432 1433 4486 rerum
1456 4413 1600 4485 curatio·

274 4549 320 4608 tte.
339 4529 508 4623 divinitus
532 4531 612 4606 milti
644 4553 802 4609 concessa
824 4532 946 4702 subeg,
972 4553 1041 4608 nott
1075 4535 1111 4609 itt
1142 4534 1320 4632 postremis
1354 4533 1443 4609 tanc
1474 4553 1603 4634 quoquc

956 4651 975 4702 c
993 4681 998 4686 .

1609 3427 1623 3466 'i
