4386 5838
628 743 696 796 too
1020 721 1136 796 L!-
1170 711 1204 787 0
1243 722 1282 794 ,Ν
1331 721 1419 816 ips
1491 723 1533 797 X.

595 920 602 935 ⁶
669 841 798 916 Horum
822 827 1066 932 cupiditatibus
1089 843 1225 916 minime
1247 841 1364 916 studia
1380 822 1562 916 ¹Pontificio
1579 834 1780 916 defuerunt.
1801 842 1908 938 Quod

572 960 673 1044 buit,
698 961 866 1052 utisupta
891 961 1082 1048 innuimus,
1108 960 1233 1035 multae
1249 973 1355 1036 'erant
1381 985 1523 1036 caussae
1543 961 1614 1035 odii
1632 961 1670 1032 in
1685 963 1711 1032 F
1712 963 1905 1039 tansiacum

570 1081 712 1156 Mariam
736 1079 946 1152 Urbioatium
971 1081 1135 1174 Regulum
1158 1083 1354 1157 eRoborea
1376 1080 1507 1156 familia
1531 1081 1568 1154 io
1592 1079 1750 1154 Feltriam
1776 1083 1819 1154 ab
1835 1079 1915 1176 eius·

571 1199 743 1282 avunculo
758 1201 916 1274 Guidone
936 1227 990 1274 an.
1015 1221 1130 1280 nutv.
1146 1203 1344 1295 adoptaturn
1361 1224 1456 1290 ,non
1470 1201 1579 1274 solum
1596 1201 1677 1295 quia
1697 1219 1820 1275 contra
1848 1201 1911 1272 im·

574 1322 704 1416 perium
714 1323 904 1409 Pontificio,
919 1327 953 1396 dt
969 1322 1068 1398 iidem
1082 1325 1196 1396 datam
1206 1321 1339 1396 Iuliano
1355 1320 1481 1393 ducere
1498 1320 1534 1392 itt
1545 1319 1756 1412 Cisalpinam
1764 1319 1910 1394 Galliam

574 1443 787 1534 equitatum,
813 1443 871 1514 cui
900 1444 1104 1534 imperabat,
1129 1463 1366 1528 recusaverat,
1391 1443 1450 1515 sed
1474 1444 1577 1515 etiam
1601 1442 1685 1536 quia
1720 1461 1821 1515 antea
1843 1465 1913 1512 oc·

576 1561 671 1667 culte
699 1560 817 1636 favens
842 1562 1016 1638 Sederinio
1044 1565 1184 1636 surdum
1209 1590 1245 1638 se
1268 1564 1468 1656 praebuerat
1491 1563 1774 1636 obtestationibus
1799 1547 1929 1636 Medi-'

578 1699 744 1768 ceorum',
769 1683 828 1776 qui
853 1682 889 1754 in
919 1681 1009 1754 illius
1043 1683 1204 1757 subsidiis
1237 1707 1392 1778 magnam
1410 1708 1503 1776 spem
1528 1671 1713 1776 posuerant
1736 1684 1781 1754 ad
1811 1685 1915 1756 Etru·

574 1825 669 1875 scam
693 1785 941 1894 expeditionem
970 1805 1239 1895 suscipiendam,
1263 1811 1298 1880 bt
1321 1807 1405 1900 quia
1428 1805 1543 1878 multis
1582 1803 1686 1902 signis
1721 1806 1817 1877 omni
1837 1803 1915 1878 luce

522 1957 525 1966 ·
575 1920 773 1994 clarioribus
808 1941 1010 2014 apparuerat
1034 1947 1131 2015 eum,
1156 1925 1187 1996 si
1211 1951 1280 2002 non
1317 1947 1464 2020 aperte,
1509 1925 1595 2000 clam
1633 1947 1747 1998 tamen
1784 1945 1913 2014 semper

577 2041 790 2136 consensisse
823 2065 901 2116 cum
927 2045 992 2132 iis,
1017 2043 1078 2140 qui
1104 2045 1369 2120 adversabantur
1394 2047 1567 2122 Mediceae
1593 2046 1705 2140 gentis
1731 2045 1916 2134 fortunae,
1956 2109 1960 2126 ‚

644 2162 788 2236 honeste
818 2185 917 2254 parto
942 2188 1046 2259 regno
1085 2166 1180 2240 illum
1214 2167 1347 2258 privare
1380 2164 1602 2241 deliberavit.
1628 2165 1717 2238 Huic
1747 2165 1915 2258 consilio,

575 2283 675 2378 cnjus
712 2281 829 2360 auctor
869 2287 1065 2376 praesertim
1107 2284 1213 2359 fuisse
1252 2281 1378 2358 dicitur
1408 2286 1652 2380 Alphonsina,
1684 2287 1766 2362 dum
1797 2285 1918 2373 vixit,

575 2427 708 2496 semper
741 2405 880 2480 obstitit
902 2407 1078 2493 itdianuc,
1103 2405 1209 2480 libera
1232 2428 1320 2480 voce
1348 2407 1524 2502 indignum
1557 2405 1693 2480 sacinus
1719 2405 1921 2489 detestans,

575 2507 614 2599 itt
635 2546 706 2618 quo
731 2547 801 2598 non
825 2545 895 2600 tam
920 2527 1111 2622 aequitati,
1134 2551 1236 2620 quam
1259 2546 1359 2621 grato
1384 2529 1497 2602 animo
1521 2551 1562 2636 se
1582 2527 1713 2603 servire
1737 2541 1851 2616 aperte
1865 2539 1920 2592 tu·

573 2645 641 2725 iit.
675 2647 781 2734 Nam,
807 2665 846 2720 ut
871 2646 951 2721 alibi
975 2647 1206 2736 narravimus,
1243 2643 1337 2720 exilii
1363 2643 1519 2721 fludiibus
1545 2643 1722 2741 jacintus,
1754 2663 1924 2734 tanquam
1981 2668 1984 2676 ·

578 2769 618 2872 io
641 2786 745 2859 portu
768 2765 886 2839 Urbini
916 2766 1117 2860 quieverat,
1145 2791 1168 2840 a
1203 2767 1385 2856 Guidone,
1415 2767 1557 2862 ipsoque
1587 2767 1770 2840 Francisco
1809 2763 1921 2834 Maria

575 2887 736 2980 omuibus
766 2887 886 2962 officiis
910 2887 1343 2973 benevolentissimorum,
1367 2907 1471 2982 atque
1496 2888 1767 2960 amicissimorum
1795 2883 1919 2956 derin-

580 3003 681 3080 ctus.
705 3007 768 3082 1110
794 3028 909 3098 autern
933 3027 1090 3094 mortuo,
1114 3011 1225 3084 omnis
1249 3013 1302 3086 vis
1327 3011 1360 3076 dt
1392 3009 1543 3080 dirarum
1578 3011 1613 3080 dt
1657 3005 1735 3078 belii
1774 3003 1857 3097 (46)
1880 3003 1920 3075 itt

578 3127 733 3232 eumdem
756 3130 895 3219 erupit,
920 3146 1024 3223 atque
1050 3129 1154 3202 simu}
1174 3153 1213 3201 ac
1232 3129 1450 3202 Laurentium
1467 3127 1733 3220 appropinquare
1749 3147 1826 3196 cum
1841 3121 1923 3212 ‚iio-

578 3249 722 3320 rentinis
746 3255 781 3322 δι
802 3247 987 3320 Pontificiis
1015 3248 1120 3341 copiis
1143 3249 1343 3323 nunciatum
1366 3267 1439 3335 cst,
1464 3247 1584 3320 Urbini
1608 3244 1750 3332 civitas,
1780 3245 1815 3314 dt
1838 3242 1927 3315 vici·

579 3393 627 3444 oa
648 3371 770 3465 oppida
793 3369 836 3444 de
861 3368 1035 3441 deditione
1062 3362 1235 3461 egerunt,
1253 3371 1329 3464 ipso
1354 3369 1588 3443 consentiente
1621 3370 1718 3439 Duce
1751 3361 1925 3456 praesenti

582 3489 738 3582 periculo
769 3489 951 3562 deterrito.
974 3489 1038 3566 Hic
1064 3511 1176 3562 autem
1200 3498 1235 3564 br
1259 3474 1432 3582 propriam
1457 3495 1491 3564 bt
1521 3509 1711 3580 temporum
1744 3483 1928 3566 calamita-¹

584 3627 653 3682 tem
678 3631 844 3701 querens,
867 3633 945 3682 cum
972 3609 1174 3698 praesidium
1198 3613 1235 3685 itt
1258 3636 1337 3685 arce
1372 3611 1533 3696 Pisauri,
1562 3631 1631 3703 quo
1666 3631 1706 3680 se
1729 3615 1930 3696 receperat,
1994 3603 1996 3608 ’

503 3770 509 3781 ,
583 3727 802 3822 reliquisset,
834 3733 1011 3804 Mantuam
1030 3755 1106 3804 cum
1131 3755 1238 3804 uxore
1262 3730 1430 3803 Eieonora
1446 3731 1626 3821 Gonzaga,
1647 3724 1816 3799 francisci
1829 3721 1922 3797 iilius

586 3847 735 3922 civitatis
759 3850 971 3923 Marchionis
996 3849 1083 3940 filia,
1107 3857 1142 3924 bt
1160 3851 1378 3924 Guidobaido
1403 3851 1471 3922 filio
1497 3849 1654 3946 aufugit.
1678 3847 1775 3921 Brevi
1790 3864 1930 3937 quoque

584 3987 656 4044 tum
667 3953 815 4054 Pisauri,
830 3991 903 4044 tum
918 3952 1150 4065 senogalliae,
1163 3983 1236 4044 turn'
1254 3971 1371 4066 Majoli
1386 3995 1482 4044 arces
1503 3971 1539 4041 in
1553 3953 1705 4040 bostium
1725 3955 1929 4059 potestatem

585 4105 755 4180 venerunt
770 4137 784 4173 ,
811 4077 955 4184 cumque
982 4115 1052 4166 una
1088 4113 1302 4184 superesset.
1334 4114 1422 4185 quae
1458 4085 1586 4162 dicitur
1623 4091 1655 4160 S.
1688 4089 1772 4176 Lei,
1802 4103 1928 4157 natura
2005 4159 2007 4164 ,

585 4209 653 4284 ioci
675 4211 922 4295 munitissima,
944 4199 1033 4286 baec
1054 4215 1179 4300 etiam,
1205 4234 1385 4316 postquam
1411 4216 1513 4288 trium
1526 4211 1692 4284 mensium
1711 4207 1926 4282 obsidionem

588 4311 817 4418 s'ttstiuuerat,
843 4333 878 4404 vi
893 4336 936 4428 'bt
961 4331 1041 4405 dolo
1066 4356 1166 4425 capta
1190 4354 1263 4406 est.
1296 4337 1503 4430 Quanquam
1528 4333 1611 4405 haec
1635 4355 1704 4404 non
1733 4331 1808 4400 sine
1830 4326 1933 4419 grati

587 4448 713 4532 invidia
737 4451 910 4522 Pontificis
935 4451 1144 4537 acciderint,
1167 4453 1282 4526 nullus
1318 4477 1430 4528 tamen
1451 4479 1470 4552 e
1493 4449 1729 4526 Cardinalibus
1749 4429 1834 4552 fuit,
1855 4465 1936 4554 unct¹

588 4586 733 4675 excepto
757 4569 932 4644 Grimanio
956 4571 1319 4672 Urbiriepircope,
1358 4575 1415 4670 qui
1456 4563 1527 4647 noti
1560 4565 1798 4660 'subscripserit
1835 4558 1924 4644 iliius
