4372 5842
685 685 719 755 V
814 689 829 756 1
928 683 959 760 «Τ
1007 697 1011 728 ²
1057 691 1088 758 A
1484 690 1550 780 183

271 801 380 876 laudis
404 804 496 894 uiam
522 803 738 880 redissimam
762 805 963 894 ducebant,
988 805 1018 879 si
1043 829 1080 880 se
1102 807 1233 880 'Latinis
1269 806 1466 901 praesertim
1491 827 1607 879 exeo«

270 923 381 997 lendis
404 927 514 998 Musis
536 947 631 999 totos
656 929 876 1000 tradidissent
900 930 1027 1022 ,quod
1049 930 1198 1003 studium
1219 949 1291 1002 crat
1316 949 1496 1020 propterea
1524 951 1609 1021 gra·¹

274 1047 365 1130 n'us,
390 1050 470 1139 quia
494 1071 535 1120 eo
558 1049 703 1120 maxime
726 1051 912 1121 ducebatur
935 1039 1111 1122 Pontifex·
1128 1052 1213 1122 Boni
1235 1052 1368 1146 quidem
1393 1053 1421 1122 is
1434 1073 1513 1122 non
1542 1070 1605 1138 pac

274 1189 349 1237 rum
375 1167 489 1240 attulit
512 1167 665 1253 litteris,
688 1170 783 1261 quod
805 1171 901 1242 multi
933 1172 974 1242 ab
999 1172 1083 1262 ipsis
1107 1173 1215 1244 Musis
1249 1173 1348 1266 quasi
1381 1167 1605 1242 mansuefadli

274 1303 378 1378 atque
402 1290 530 1362 exculti
555 1289 598 1360 ad
623 1291 829 1381 elegantiora
853 1293 1106 1378 defluxerunt,-
1130 1293 1217 1366 adeo
1240 1313 1279 1365 ut
1303 1294 1331 1363 si
1364 1294 1446 1385 quis
1476 1291 1606 1363 oratio·

258 1415 350 1498 ¹nem
375 1429 435 1478 aut
459 1431 568 1480 coeno
593 1409 751 1491 oblitam,
777 1430 837 1482 aut
854 1387 993 1484 ¹rubrica
1014 1414 1200 1486 delibutam
1222 1416 1257 1486 in
1282 1413 1426 1484 medinm
1444 1408 1606 1482 adduxit·

272 1548 346 1606 set,
371 1530 607 1602 exsibilaretur
629 1551 730 1624 atque
761 1531 1016 1622 exploderetur.
1040 1539 1111 1606 Nec
1135 1551 1217 1606 sane
1237 1529 1395 1605 Pontifex
1417 1531 1518 1621 digna
1533 1529 1607 1598 suis

273 1649 410 1720 auribus
442 1648 585 1743 scripta¹
603 1671 777 1744 putasset,
820 1679 909 1746 quae
944 1675 1017 1725 nort
1053 1653 1205 1726 fuissent
1231 1655 1424 1726 urbanitate
1450 1641 1607 1741 'quadam

164 1799 169 1808 ·
277 1770 376 1860 quasi
399 1770 578 1855 colorata,
599 1773 730 1865 sibique
755 1773 1010 1864 gratulabatur,
1037 1775 1131 1867 quod
1154 1776 1226 1846 suis
1262 1772 1383 1844 studiis
1418 1767 1609 1854 effecisset,

281 1907 413 1960 utnon
438 1911 562 1980 poetae
582 1895 703 1972 modo,
737 1897 798 1994 sed
822 1900 856 1966 bt
880 1915 997 1964 omnes
1021 1894 1068 1972 ii,
1093 1894 1151 1985 qui
1175 1915 1213 1964 se
1235 1887 1355 1962 dodlos
1386 1889 1503 1967 haberi
1542 1909 1613 1958 vo·

164 1999 168 2006 ’
287 2005 430 2080 lebant.
456 2012 500 2082 ad
518 2009 726 2082 elocutionis
753 1991 951 2083 facultatem
974 1988 1247 2084 exercerentur.
1270 2009 1348 2082 Noli
1370 2027 1481 2080 autem
1504 2028 1617 2099 quac-

285 2149 380 2212 rere,
400 2153 481 2201 num
506 2132 542 2202 in
566 2130 633 2203 ilia·
651 2137 750 2204 turba
775 2151 951 2222 poetarum
973 2155 1093 2203 omnes
1116 2133 1182 2202 hoc
1205 2131 1340 2201 nomine
1363 2131 1484 2220 dignos
1521 2125 1617 2223 judi·

288 2269 383 2318 cem.
404 2252 591 2322 Maximum
611 2253 701 2324 enim
728 2275 768 2324 ac
789 2254 1022 2324 difficillimum
1043 2271 1095 2324 est
1121 2253 1157 2326 in
1181 2253 1320 2343 poetica
1355 2247 1545 2330 excellere,
1583 2246 1616 2311 dt

288 2367 419 2443 fallitur
441 2397 524 2446 sane
548 2375 608 2458 is,
633 2372 694 2465 qui
708 2373 867 2444 'absoluti
892 2389 1016 2463 poetae
1039 2395 1152 2465 partes
1177 2375 1211 2444 in
1236 2394 1278 2442 eo
1302 2369 1432 2459 positas
1473 2366 1616 2438 arbitra·

290 2505 366 2576 tur,
394 2515 484 2565 cum·
495 2496 571 2585 quis
595 2495 756 2568 metiendi
780 2497 937 2567 carminis
962 2498 1130 2568 rationem
1148 2493 1278 2584 optime
1301 2490 1515 2581 perceperit,
1540 2507 1618 2556 cum

288 2607 611 2700 elegantissimorum
639 2637 765 2686 vocum
788 2613 1029 2706 supellec‘lilem
1058 2615 1156 2706 quasi
1186 2613 1364 2706 quamdam
1387 2609 1449 2679 sibi
1482 2615 1622 2694 compa‘·

288 2729 406 2816 rarit,
429 2731 519 2803 addo
542 2735 643 2805 etiam
658 2757 751 2806 cum
777 2736 951 2807 materiem
967 2735 1080 2804 animo
1103 2733 1377 2820 comprehensam
1401 2727 1521 2800 ordine
1534 2745 1625 2816 quo·

291 2845 374 2918 dam
394 2867 499 2942 atque
519 2851 662 2924 artificio
679 2855 872 2928 distinxerit
903 2901 914 2922 .
936 2856 1025 2924 Sunt
1047 2853 1137 2922 enim
1153 2851 1208 2922 his
1231 2845 1387 2941 graviora
1412 2852 1446 2919 bt
1468 2845 1626 2937 potiora,

201 2961 203 2964 ’
293 2987 382 3057 quaa
406 2970 524 3041 nescio
550 2993 594 3043 an
619 2996 640 3043 a
663 2973 735 3044 suis
756 2973 865 3063 poetis
891 2993 1026 3062 semper
1052 2972 1241 3064 requisierit
1266 2973 1356 3041 teo.-
1460 2949 1463 2956 ¹

234 3084 236 3088 ’
340 3077 343 3084 ’
392 3089 535 3160 Minime
556 3079 671 3164 autem
694 3091 865 3163 dubitabis
889 3090 964 3164 illos
990 3093 1156 3165 mendacii
1182 3087 1395 3171 insimulare,
1419 3088 1479 3182 qui
1515 3088 1626 3160 abeo

294 3204 434 3280 divinas
457 3209 653 3301 disciplinas
676 3235 759 3302 prae
780 3212 1031 3285 humanioribus
1059 3211 1285 3305 negligentius
1321 3207 1431 3282 cultas
1467 3209 1627 3280 honora·

294 3341 420 3420 tasque
442 3329 548 3402 fuisse
572 3333 875 3424 affirmant„quod
889 3333 943 3406 his
966 3335 1176 3427 argument-is
1198 3351 1334 3424 praeter
1350 3353 1410 3414 ca,
1437 3351 1524 3422 quae
1545 3323 1624 3400 alibi

295 3445 501 3534 attulimus,
524 3452 769 3526 convincitur.v
785 3441 1081 3542 cum'moremia
1102 3451 1307 3526 advocasset
1337 3450 1523 3522 zenobium
1560 3452 1631 3519 Ac·

295 3555 484 3660 ciajolium,
506 3551 655 3665 quocum
679 3574 716 3645 in
739 3572 964 3646 adolescentia
985 3569 1261 3668 conjunctissime
1275 3571 1429 3656 vixerat,
1454 3568 1631 3640 hominem
1675 3665 1677 3668 Ι
1734 3569 1736 3574 ’

297 3690 645 3765 oDominicanorum
670 3691 800 3764 familia
823 3717 843 3766 a
867 3693 1065 3786 theologia,
1089 3697 1124 3765 St
1149 3716 1169 3764 a
1192 3693 1334 3764 Graecis
1354 3689 1547 3780 Latinisque
1569 3686 1634 3757 lit·

294 3808 379 3878 teris
403 3807 727 3894 instructissimum,
754 3833 825 3883 non
849 3813 962 3885 solum
985 3814 1142 3886 adhibuit
1165 3813 1211 3885 ad
1227 3812 1475 3902 comparandos
1495 3810 1626 3888 libros.

297 3926 424 4020 quibus
461 3931 659 4004 vaticanam
683 3921 957 4018 bibliothecam,
981 3933 1038 4005 cui
1076 3931 1186 4023 ipsum
1219 3930 1422 4021 praefecit,
1460 3929 1624 4010 ornavit,

296 4047 359 4120 ted
380 4049 486 4122 etiam
508 4049 554 4121 ad
576 4049 828 4125 transferendas
850 4053 892 4124 ab
916 4051 989 4142 ipsa
1014 4055 1050 4126 iu
1073 4055 1107 4123 S.
1130 4053 1254 4145 Angell
1277 4073 1389 4124 arcem
1419 4048 1633 4140 antiquiores

200 4191 213 4207 ³
298 4169 454 4252 chartas,
478 4191 623 4263 quarum
651 4172 679 4240 is
698 4172 851 4244 indicem
872 4172 1022 4244 coniecit
1045 4171 1347 4243 aMontiituconio
1362 4172 1398 4242 iu
1415 4171 1537 4262 vulgus
1557 4169 1633 4242 edi·

298 4303 399 4358 tum.
417 4287 510 4362 idem
534 4313 614 4361 cum
635 4289 793 4362 Pontifici
814 4309 1027 4380 nuncuparet
1057 4313 1163 4362 suam
1185 4291 1340 4363 Latinam
1376 4289 1635 4379 interpretatio·

299 4427 380 4476 trent
401 4411 598 4481 &monum
622 4431 733 4502 usque
753 4425 827 4485 xta.
848 4410 1055 4482 Theodoreti
1078 4411 1289 4498 Cyrenensis
1308 4409 1465 4502 Episcopi
1486 4409 1531 4480 dc
1553 4407 1632 4480 Pla·
1694 4455 1697 4463 ·

300 4527 516 4616 auroram,
533 4528 757 4640 ‚dierumque
787 4529 1071 4623 pbilosophorum
1102 4530 1302 4620 erroribus,
1330 4545 1430 4626 grate
1459 4523 1640 4622 protessus
1746 4593 1749 4600 .
