4386 5838
619 679 667 754 da
753 671 758 678 ’
1009 675 1036 746 1.
1083 676 1112 747 E
1149 675 1194 772 Ι0
1241 675 1272 748 Ν
1319 679 1336 749 l
1385 677 1415 750 S
1479 679 1521 749 L

567 799 705 873 minime
731 795 880 872 iaciuros
903 795 1088 872 confideret
1124 803 1160 874 dt
1199 817 1337 890 propter
1366 797 1449 872 anni
1474 816 1607 890 tempus
1638 793 1664 884 s
1672 795 1778 872 ltietne
1811 793 1904 882 enin

567 920 892 1012 appropinquabat)
917 925 1104 1013 &propter
1126 919 1355 994 difficultatem
1369 919 1553 1011 meraniae,
1578 917 1713 992 facilius
1738 915 1806 993 illia
1826 939 1904 1007 pro·

566 1042 637 1112 bari
662 1064 761 1131 posse
785 1043 942 1114 credebat
978 1065 1015 1112 se
1040 1041 1175 1114 minime
1202 1041 1337 1114 inimico
1373 1039 1409 1112 in
1448 1040 1542 1130 ipsos
1567 1060 1643 1112 esso
1677 1041 1820 1112 animo.
1846 1037 1900 1112 Ad

564 1164 652 1234 haee
674 1187 767 1254 spem
789 1162 824 1232 in
850 1163 894 1234 iis
919 1163 1027 1236 movit
1053 1163 1256 1248 Helvetios,
1282 1160 1438 1254 ‘quamvis
1462 1161 1562 1234 rebus
1586 1159 1693 1252 gestis
1708 1159 1903 1254 superbien-

569 1305 639 1372 tes,
665 1284 981 1370 nihil-molituros,
1003 1289 1038 1358 a
1059 1284 1287 1358 ottaviamm
1298 1282 1498 1375 Fregosium
1511 1281 1746 1356 Genuensiurn
1771 1283 1901 1355 Ducem

565 1405 728 1478 cumillis
753 1428 1000 1479 cortsensurum
1025 1407 1063 1478 iu
1085 1404 1318 1496 recuperanda
1342 1405 1492 1482 Genua,
1515 1425 1556 1474 ac
1594 1402 1734 1494 proinde
1764 1403 1903 1476 minime
1929 1401 1932 1414 '

566 1525 762 1600 dubitarent
793 1528 835 1598 ad
863 1527 1020 1618 praedam
1042 1533 1076 1600 dt
1103 1527 1146 1598 ad
1163 1524 1306 1618 gloriam
1331 1547 1532 1615 properare.
1557 1527 1663 1598 Nemo
1689 1518 1841 1616 profecto
1863 1521 1903 1595 itt

564 1647 705 1720 dubium
729 1645 921 1731 revocabit,
945 1648 1027 1740 quin
1051 1646 1210 1720 omnibus
1232 1645 1285 1718 bis
1310 1645 1347 1716 iu
1366 1645 1466 1716 rebus
1491 1643 1598 1718 multa
1613 1643 1769 1726 simulate
1786 1648 1820 1716 dr
1834 1665 1905 1716 ma·

566 1765 679 1841 litiose
700 1769 805 1863 egerit
828 1763 1010 1840 Pontifex.
1035 1767 1257 1860 Temporibus
1282 1765 1374 1838 enim
1403 1765 1552 1854 servire,
1583 1763 1813 1858 potentiorum
1842 1785 1904 1838 ne·

568 1888 694 1962 minem
724 1889 819 1962 inse
849 1887 1011 1978 irritare,
1041 1891 1077 1964 dt
1110 1887 1278 1962 bellorum
1308 1884 1430 1965 flodus
1450 1911 1472 1966 a
1494 1911 1559 1966 aua
1582 1887 1712 1972 ditione
1742 1881 1905 1980 repellere

456 2017 458 2026 '
568 2009 729 2084 volebat.

573 2162 578 2178 ·
664 2132 716 2201 Ex
738 2125 888 2220 litteris,
913 2153 1000 2225 quas
1034 2133 1077 2206 ad
1100 2135 1339 2224 Raymundunt
1370 2136 1567 2212 cordonare
1598 2128 1757 2228 Neapolis
1781 2129 1909 2206 l‘rore·¹

564 2271 642 2344 gent
665 2250 780 2338 misit,
804 2254 969 2345 cognosci
997 2256 1132 2348 quidem
1168 2273 1282 2348 potest
1318 2281 1461 2352 magnae
1500 2259 1531 2332 ei
1566 2277 1670 2330 curae
1703 2249 1837 2338 fuisse3
1861 2260 1914 2336 ut⁸

568 2373 733 2476 quoniam
758 2369 796 2445 in
818 2371 919 2446 fidem
945 2374 1197 2449 &clientelam
1221 2398 1318 2450 suarn
1356 2395 1536 2469 receperat
1575 2381 1732 2450 Genuam
1764 2371 1906 2455 urbem,

566 2511 614 2566 ae
641 2487 734 2564 illius
761 2509 896 2580 statua,
920 2491 983 2588 qui
1008 2515 1130 2590 magua
1153 2499 1231 2570 cunr
1252 2497 1408 2572 omniurn
1432 2499 1559 2572 civium
1583 2495 1764 2572 voluntate
1777 2509 1907 2583 tuaque

566 2605 743 2705 diligentia
769 2609 883 2688 fuerat
906 2613 1148 2704 constitutur,
1173 2617 1288 2711 aliqua
1312 2643 1356 2695 ex
1380 2637 1477 2710 parte
1502 2620 1696 2692 turbaretur
1730 2611 1772 2686 ab
1797 2609 1907 2682 Adur·

564 2726 620 2800 uls
645 2731 679 2798 ἃ
710 2729 861 2822 llum,
885 2735 944 2832 qui
968 2734 1206 2814 Helvetiorum
1224 2739 1327 2814 annia
1346 2743 1532 2816 sustentati
1546 2743 1590 2816 ad
1604 2735 1908 2826 illamoppuguart·

563 2845 644 2922 daut
667 2871 904 2928 aeemserant.
929 2857 978 2928 Ea
1001 2875 1142 2950 propter
1169 2857 1261 2934 misit
1283 2882 1325 2934 eo
1351 2860 1507 2934 triremes
1530 2883 1634 2946 suaa,
1657 2853 1818 2950 nullaque
1831 2873 1904 2922 non
1954 2877 1959 2886 ’

562 2983 664 3061 prece
687 2969 886 3047 tenuitati
909 2976 1090 3070 Proregem
1124 2976 1260 3070 ipsum,
1285 2997 1324 3054 ut
1349 2983 1516 3073 oppidum
1540 2980 1731 3073 egregium,
1752 2976 1851 3070 cujus
1868 2969 1906 3042 itt

560 3087 676 3164 salute
689 3092 804 3184 petita
826 3110 901 3166 erat
923 3093 1043 3168 ltaliae
1066 3094 1316 3189 tranquillitas,
1343 3102 1384 3170 ab
1399 3102 1589 3172 imminenti
1614 3093 1789 3188 periculo,
1815 3111 1905 3159 eon-

561 3209 663 3302 ailio,
688 3209 915 3318 audloritate,
937 3219 973 3286 br
997 3213 1100 3288 annis
1123 3214 1253 3302 etiam,
1277 3217 1308 3290 si
1332 3239 1421 3307 opus
1459 3215 1603 3304 suisset,
1639 3213 1823 3287 liberaret.
1860 3211 1908 3282 llt

561 3328 729 3406 vixdum
752 3331 914 3408 instituta
935 3335 1218 3430 oppugnatione,
1242 3334 1419 3419 Helvetii,
1445 3335 1594 3410 fortasse
1626 3333 1671 3408 ob
1695 3356 1767 3408 non
1789 3331 1907 3406 soluta

560 3445 752 3543 stipendia,
776 3453 1028 3545 decesserunt,
1054 3459 1364 3550 conjuratoresque
1390 3453 1492 3546 fugae
1516 3477 1554 3525 se
1578 3455 1801 3530 mandarunt.
1817 3451 1909 3526 llaec

563 3587 649 3644 tane
674 3593 719 3645 ea
743 3573 857 3648 animo
880 3575 1017 3670 gerebat
1040 3577 1132 3662 lena
1156 3572 1238 3650 nibil
1262 3599 1349 3652 vero
1374 3575 1488 3648 minus
1513 3573 1675 3660 volebat,
1701 3597 1804 3667 quarn
1827 3590 1910 3662 cotn-¹

568 3691 701 3768 totlari
726 3717 805 3772 eunt
829 3694 965 3782 Gallis,
995 3695 1152 3792 quamsit
1176 3695 1285 3774 multa
1316 3700 1511 3790 obtegeret,
1535 3714 1622 3789 quae
1655 3695 1731 3770 lide
1758 3687 1910 3770 reconci-

558 3807 665 3888 lietae
686 3817 819 3910 gratiae
840 3817 1071 3910 mepieionem
1093 3841 1234 3896 morere
1262 3837 1446 3913 poterant,
1473 3822 1509 3889 et
1534 3839 1576 3890 ea
1593 3816 1914 3911 loqueretur,quae

560 3927 609 4002 ad
634 3949 850 4022 preeoentem
869 3927 1033 4004 fortunae
1054 3961 1140 4006 suae
1162 3957 1291 4010 aratura
1328 3936 1513 4008 convertite
1550 3935 1800 4010 arbitrabatur.
1819 3936 1908 4006 Sunt

562 4058 698 4134 limen,
720 4050 783 4144 qut
805 4069 932 4144 putant
945 4073 1025 4128 eum
1038 4073 1109 4128 non
1132 4073 1202 4128 tarn
1231 4077 1304 4128 ase
1321 4055 1470 4132 alienare
1487 4057 1639 4133 noluisse
1652 4055 1788 4146 Gallos,
1805 4081 1910 4154 quarn

561 4161 700 4240 nlicere
726 4168 769 4242 td
793 4175 1059 4262 recuperandum
1082 4199 1143 4271 per
1173 4176 1332 4271 injuriam
1357 4180 1550 4272 ademptura
1574 4181 1834 4274 Neapolitanum
1857 4199 1908 4252 re-

560 4303 691 4380 gnum,
722 4288 817 4364 band
835 4289 1067 4380 tranantem,
1089 4297 1191 4389 quin,
1206 4300 1364 4380 camena
1388 4301 1491 4394 bella,
1503 4302 1633 4378 occulti
1654 4301 1797 4380 foederis
1811 4319 1907 4386 prae·

562 4406 635 4478 mio
664 4404 720 4480 tel
743 4429 931 4504 propagare
966 4415 1115 4489 Rommu
1152 4417 1282 4510 imperii
1305 4418 1417 4510 lines,
1441 4417 1497 4493 vel
1530 4419 1650 4494 Iuliani
1683 4417 1799 4492 fratris
1837 4415 1911 4512 lor·

544 4525 666 4604 'banse
686 4527 873 4640 melete
902 4535 1102 4628 potuisset.
1125 4539 1212 4616 Nant
1233 4539 1278 4615 iis
1312 4539 1519 4635 temporibus
1558 4538 1701 4614 Romani
1724 4531 1909 4628 Punt'tde‘es
