4472 5828
925 524 950 556 ‘k

755 643 793 711 ‘V
889 649 903 716 1
989 649 1032 717 -Τ
1103 633 1169 714 Ἀ·
1236 685 1242 695 -
1570 643 1612 730 ⁶3

339 763 513 841 observari
538 761 570 840 'sc
599 761 763 835 custodiri
788 764 1050 848 intellexerunt,
1077 785 1115 838 ut
1143 767 1177 836 in
1204 763 1355 838 manibus
1390 756 1567 832 Porrtilieis
1596 741 1666 826 'eo-

238 929 241 934 ·
338 913 412 959 rum
438 888 529 960 salus
555 887 668 978 posita
694 909 768 966 esse
793 887 984 959 videretur.
1011 889 1105 958 Misit
1127 887 1185 958 bic
1222 887 1263 956 ad
1301 908 1361 956 eos
1399 883 1499 954 Urbis
1538 873 1665 950 veteris

337 1011 563 1104 Episcopum,
590 1011 647 1104 qui
681 1009 926 1100 benignissimis
956 1009 1070 1080 verbis
1097 1008 1372 1080 adhortatusest
1388 1029 1474 1091 ,ne
1508 1021 1670 1093 propera·

340 1150 416 1202 rent
442 1135 581 1204 Romam
608 1133 679 1218 ire,
707 1133 900 1215 ac,tamdiu
925 1129 1116 1204 Florentiae
1142 1146 1342 1225 manerent,
1366 1127 1444 1198 dum
1469 1124 1549 1218 quid
1574 1119 1667 1192 faelu

336 1271 422 1340 opus
448 1273 537 1323 esset
562 1237 722 1324 Pontifer⁴
744 1253 814 1343 ipse
841 1253 1078 1348 deliberasset,
1104 1251 1214 1320 intera
1239 1250 1313 1321 fidei
1341 1271 1384 1352 ac,
1404 1246 1549 1316 bonitati
1572 1239 1677 1312 illius'

338 1371 573 1457 confiderent,
599 1374 655 1445 cui
680 1372 762 1445 nihil
789 1395 857 1444 tarn
884 1397 985 1444 curae
1011 1391 1102 1454 erat,
1129 1393 1228 1462 quam
1244 1371 1360 1440 devios
1381 1363 1504 1437 reblam
1519 1363 1553 1431 in
1572 1361 1665 1432 viam

337 1509 476 1579 paterne
510 1493 706 1566 deducere.
732 1497 817 1564 Cum
853 1511 986 1582 tempus
1023 1494 1133 1564 visum
1159 1511 1236 1577 est,
1262 1486 1413 1580 perdudli
1449 1483 1498 1554 illi
1522 1483 1663 1550 Romam
1755 1481 1757 1484 ’

335 1607 493 1698 luerunt,
521 1611 723 1705 admissique
745 1613 779 1684 in
801 1617 962 1684 Senatum
981 1614 1052 1682 sine
1068 1635 1236 1702 purpurae
1259 1611 1467 1702 insignibus,
1486 1623 1666 1694 postquam

334 1734 507 1821 conceptis
544 1733 655 1803 verbis
695 1731 905 1806 adlaPisani
931 1730 1269 1813 &Mediolanensis,
1297 1747 1398 1820 atque
1422 1724 1656 1818 Lugdunensis

333 1833 471 1922 concilii
498 1855 743 1951 abrogassent,
770 1858 802 1924 δι
829 1853 1132 1932 lateranenseuti
1159 1837 1366 1945 legitimum,
1402 1839 1446 1920 δι’
1471 1850 1543 1939 jure
1570 1843 1664 1934 opti-

330 1995 387 2040 mo
413 1971 587 2043 indidlum'
603 1972 848 2065 agnovissent,
876 1972 911 2040 in
935 1973 1106 2045 Romanae
1123 1970 1316 2046 ..Ecclesiae
1341 1968 1504 2062 gratiam,
1538 1965 1663 2056 pristi-

331 2113 478 2184 namque
504 2094 702 2184 dignitatem
728 2093 883 2169 restituti¹
906 2091 1065 2176 suerunt.
1100 2095 1204 2186 quro
1230 2110 1350 2174 erant,
1375 2090 1435 2180 qui
1462 2087 1557 2158 aliter
1573 2109 1663 2158 ,cen-

330 2210 473 2296 sebant,
514 2213 572 2282 sed
609 2214 733 2284 mederi
769 2196 837 2280 Leo
877 2191 1047 2284 erroribus
1080 2210 1216 2282 volebat
1251 2211 1485 2304 ignoscendo,
1523 2197 1661 2276 minime

328 2353 409 2399 vero
435 2332 635 2420 puniendo,
661 2331 868 2424 similemque
895 2331 1136 2425 indulgentiam
1162 2331 1277 2402 tribuit
1316 2327 1503 2399 Zachariae
1533 2322 1662 2419 Ferrei-

327 2473 366 2518 ro
390 2430 546 2522 Vicetino
571 2475 688 2520 sacrae
723 2453 887 2543 paginae,
918 2457 950 2525 δι
985 2454 1067 2546 juris
1105 2453 1284 2542 utriusque
1320 2449 1479 2532 Dodori,
1506 2445 1658 2537 quinon

328 2562 586 2660 solum'opera,
611 2571 671 2640 sed
699 2572 801 2642 etiam
827 2572 985 2661 scriptis,
1002 2595 1143 2664 ,satoque
1168 2571 1321 2661 periculo
1347 2569 1524 2660 plurimum
1546 2567 1661 2664 juve-

325 2707 379 2758 rat
405 2683 599 2760 schismatis
628 2681 811 2763 aucllotes.
841 2681 957 2782 'Atque
983 2692 1023 2782 ab
1051 2669 1130 2762 boc
1172 2694 1246 2762 viro
1285 2715 1361 2760 cum
1396 2687 1495 2760 multi
1535 2676 1660 2788 erroris

324 2807 514 2897 exemplum
545 2809 793 2898 sumpsissent,
829 2811 1059 2900 poenitentiae
1095 2811 1462 2904 quoquepetierunt,
1502 2819 1658 2900 quosque

322 2949 453 2996 summa
477 2928 532 2998 vis
559 2929 590 2992 δι
615 2929 774 2998 severitas
799 2928 873 3000 Julii
896 2935 934 2999 11.
952 2917 1091 3001 minime
1115 2949 1370 3010 commoverat,
1386 2929 1529 2998 lenitate
1545 2926 1658 3016 aequi·

321 3065 461 3138 rateque
487 3048 610 3117 Leonis
636 3071 707 3116 non
731 3048 831 3118 modo
859 3067 997 3138 captos,
1024 3051 1208 3122 sedetiam
1234 3047 1359 3122 fractos
1375 3073 1410 3119 se
1432 3047 1538 3118 fuisse
1564 3047 1657 3115 affir-

320 3175 457 3237 marunt
472 3167 491 3235 .’
512 3165 586 3236 Tali
611 3167 712 3235 modo
737 3165 881 3264 malurn,
894 3170 998 3260 'quod
1013 3169 1094 3241 late-
1114 3171 1228 3268 farsum
1251 3173 1447 3256 videbatur,
1471 3169 1571 3239 unius
1591 3166 1655 3267 ho-

300 3285 422 3354 ‚minis
446 3287 626 3376 prudentia
650 3283 831 3364 extindlum
858 3307 931 3360 est.
954 3292 1004 3374 ,Et
1028 3283 1093 3384 jam
1119 3313 1196 3360 cum
1220 3273 1470 3382 stamma‘qtries
1496 3294 1528 3359 bc
1554 3306 1654 3356 tran-

319 3389 473 3495 quillitas
503 3407 630 3477 Romae
666 3415 777 3488 esse't,
816 3409 892 3480 inde
925 3431 1080 3501 magnam
1116 3409 1277 3481 Pontifex
1311 3409 1438 3502 gloriae
1476 3405 1649 3476 materiem

316 3521 460 3610 hausit,
487 3545 565 3596 cum
590 3543 688 3598 totus
713 3524 832 3599 luisset
857 3504 891 3598 in
919 3529 958 3600 iis
987 3530 1114 3616 artibus
1144 3529 1399 3620 provehendis,
1432 3550 1520 3621 quae
1556 3519 1651 3614 pacis

317 3645 460 3716 comites
483 3645 672 3729 dicuntur,
695 3647 815 3740 inquo
839 3665 954 3720 tamen
972 3671 1147 3744 nunquam
1172 3650 1276 3742 pluris
1301 3648 1424 3722 famam
1449 3643 1650 3729 homimum,

314 3769 417 3858 quam
440 3765 694 3856 Rempublicam
720 3765 829 3838 lecit.

408 3885 501 3958 lnter
534 3887 661 3980 gaudia
696 3887 816 3977 Populi
853 3891 999 3964 Romani
1030 3890 1204 3966 Florentia
1231 3895 1288 3966 ad·
1311 3889 1508 3966 Pontificem
1543 3883 1648 3978 legati

309 4025 501 4094 venerunt,
527 4027 567 4076 ut
592 4005 642 4076 illi
674 4008 715 4078 de
756 4031 884 4090 summa
924 4014 1091 4108 dignitate
1127 4014 1407 4108 gratularentur.
1448 4007 1668 4100 Legationis·

309 4123 468 4214 princeps
508 4149 582 4198 esse
608 4127 748 4200 debebat
786 4133 932 4208 Cosmus
966 4135 1097 4208 Pallius
1135 4134 1287 4208 civitatis
1329 4129 1644 4224 archiepiscorum

308 4243 445 4314 sedhic
471 4245 549 4318 dum
578 4248 642 4322 iter
667 4253 806 4342 parabat
833 4275 866 4326 v,
892 4257 937 4328 ld.
965 4256 1096 4349 Apriles
1129 4279 1148 4328 e
1182 4255 1257 4328 vita
1296 4255 1418 4324 cessi*-
1455 4225 1636 4302 substituit

302 4364 465 4437 Pontifex
489 4369 527 4440 irt'
550 4369 869 4465 Archiepiscopatus
895 4401 1030 4450 munere
1056 4379 1179 4451 Iulium
1208 4347 1393 4440 patruelem
1416 4372 1515 4421 suum
1536 4351 1638 4424 caris*

307 4477 450 4562 timum,
473 4488 533 4569 qur
555 4489 676 4566 prosu·
700 4495 773 4566 ψι
795 4497 905 4547 aenae
928 4473 1041 4565 paullo
1070 4489 1170 4545 antea
1207 4473 1347 4550 Romam
1386 4491 1633 4561 concesserat,
