4372 5842
638 674 713 746 ars·
1023 651 1282 747 ra'ou
1331 651 1417 742 1'·s
1490 641 1532 739 i.

591 793 714 864 brrehar'
733 773 1015 884 tutusungen'ior
1038 796 1235 885 morumque
1258 791 1405 865 bonitati
1431 787 1681 883 summotique,
1718 795 1849 861 tanturn
1876 789 1923 864 illi

592 924 629 981 se
651 914 771 984 debere
794 913 1040 1002 profitebatur,
1064 919 1104 984 u't
1127 891 1171 986 <le
1185 915 1269 1004 'ipso
1288 913 1322 984 in
1354 910 1584 982 Cardinalium
1625 904 1804 1004 collegium
1842 931 1923 979 coo·

592 1034 720 1123 ptando
747 1035 915 1125 cogitasse
938 1036 1105 1128 Georgius
1139 1035 1321 1119 Vasatius,
1362 1030 1487 1122 aliique
1527 1029 1793 1116 affirmaverint,
1833 1027 1923 1120 quod

592 1173 789 1245 argumento
815 1177 888 1226 esse
911 1156 1011 1226 debet
1036 1178 1153 1226 omues
1178 1149 1280 1240 artes,
1304 1175 1397 1246 quae
1414 1157 1447 1224 δι
1473 1147 1698 1222 admirabilem
1722 1149 1920 1241 dignitatem

591 1281 833 1367 &pergratam
861 1273 1041 1348 utilitatem
1066 1255 1215 1363 habent,
1241 1275 1386 1346 Leonem
1410 1271 1504 1346 omni
1528 1273 1657 1366 honore
1699 1290 1827 1360 semper
1861 1269 1933 1340 di·-

589 1397 771 1488 guissimas
797 1377 987 1490 judicasse.
1010 1396 1074 1467 Sed
1099 1397 1202 1466 tanta
1226 1373 1278 1464 vis
1317 1395 1458 1486 ingenii,
1484 1397 1591 1466 timuit
1620 1447 1630 1481 ‚
1666 1413 1731 1490 pato
1771 1393 1919 1486 sospite,

590 1517 686 1586 vinci
708 1539 816 1589 rerum
840 1537 962 1612 magna
982 1539 1130 1612 parcns,
1163 1513 1197 1588 ὁ·
1235 1516 1392 1587 moriente
1426 1515 1533 1597 mori,
1567 1501 1845 1608 quemadmodum
1878 1514 1922 1584 de

589 1659 632 1708 eo
657 1633 863 1726 praedicavit
888 1634 1058 1720 Bemhus,
1089 1635 1234 1725 septimo
1265 1637 1299 1707 δι
1335 1637 1509 1728 trigesimo
1549 1659 1640 1708 anno
1674 1651 1749 1709 cum
1774 1635 1920 1706 omniurn

590 1756 777 1843 bonorum,
804 1761 837 1826 u
862 1755 983 1825 Leonis
1010 1755 1118 1844 ipsius
1144 1753 1342 1845 praesertim
1366 1753 1459 1828 ludlu
1485 1756 1656 1828 extinClus
1681 1775 1733 1829 est
1770 1775 1839 1832 νυ.
1873 1757 1918 1830 id.

589 1875 714 1966 Aprilis
740 1901 793 1948 au.
821 1892 950 1947 mnxx.
990 1923 994 1927 -
1462 1873 1465 1878 ’

685 1998 860 2070 Proximus
884 1995 931 2067 illi
954 1995 1048 2067 sama
1068 2013 1140 2068 erat
1168 1995 1203 2064 in
1228 1994 1416 2086 pingendi,
1442 1997 1597 2086 superior
1621 1997 1724 2069 etiam
1748 1997 1783 2068 in
1811 1997 1922 2068 archi·

586 2117 761 2196 cedendi.
784 2105 1063 2211 quemadmodum
1087 2099 1266 2208 superabat
1295 2139 1412 2186 omnes
1449 2117 1483 2187 in
1517 2104 1690 2208 scalpendi
1734 2135 1805 2188 arte
1844 2118 1914 2185 Mi-

588 2375 688 2430 terna
711 2358 835 2439 domo,
859 2363 893 2429 δι
923 2359 1065 2428 'Romae‘
1080 2381 1122 2428 eo
1146 2376 1326 2447 tempore,
1349 2377 1419 2449 quo
1445 2356 1622 2446 imperiosa
1662 2357 1819 2448 majestas
1843 2349 1921 2427 iulii

586 2495 629 2555 lt·
649 2497 752 2569 saepe
778 2474 827 2547 illi
851 2499 1006 2548 caussam
1030 2478 1132 2549 dabat
1156 2477 1367 2571 querelarum
1392 2499 1495 2570 atque
1519 2475 1736 2550 iracundiae.
1759 2475 1833 2548 Iloc
1855 2499 1922 2548 ex·

585 2597 714 2686 rinno,
738 2598 948 2672 desideravit
973 2600 1014 2672 ab
1039 2621 1081 2671 eo
1106 2602 1199 2686 Leo,
1228 2617 1293 2685 ut,
1319 2597 1451 2670 omissis
1478 2599 1602 2669 ceteris
1624 2596 1921 2687 occupationibus,

583 2713 746 2804 (urna
769 2721 912 2792 maxime
935 2717 1111 2792 laborabat
1136 2720 1172 2790 in
1198 2716 1438 2805 absolvendo,
1461 2718 1554 2810 quod
1587 2717 1710 2812 jamdiu
1733 2715 1922 2808 inceperat,

583 2839 735 2910 emnium
759 2839 1093 2933 magnificentissimo
1118 2837 1315 2926 mausoleo,
1333 2839 1440 2932 ·quod
1463 2840 1584 2914 vivens
1621 2837 1723 2910 Julius
1761 2839 1833 2930 ipse
1858 2835 1922 2910 sibi

583 2957 783 3034 faciendum
806 2958 1004 3048 locaverat)
1028 2961 1064 3030 in
1090 2958 1301 3032 aedificanda
1325 2957 1543 3052 ornandaquc
1567 2955 1680 3031 sronte
1710 2959 1922 3032 Florentinae

585 3078 833 3152 laurentianae
857 3079 1050 3164 Basilicas,
1075 3103 1177 3173 quarn
1199 3077 1348 3171 ejusdem
1373 3078 1544 3150 Pontificis
1579 3082 1721 3175 majores
1757 3099 1925 3152 extruxe-

584 3217 691 3285 rant,
716 3221 852 3272 omnem
874 3223 1011 3292 operam
1036 3223 1133 3274 suam
1158 3198 1369 3273 collocaret.
1393 3201 1599 3294 Quanquam
1631 3203 1690 3272 uni
1723 3197 1771 3271 illi
1795 3217 1923 3284 conce-

584 3316 666 3395 dare
689 3319 864 3396 videretur
891 3323 1070 3394 selenciam
1093 3321 1355 3407 architecturae,
1378 3325 1414 3394 δι
1453 3321 1545 3394 illius
1582 3319 1695 3411 operis
1728 3319 1925 3412 praefaciu-

584 3437 662 3512 Μ’
674 3439 945 3528 demandasset,
968 3441 1093 3534 judicia
1115 3459 1230 3514 tamen
1254 3444 1356 3514 etiam
1383 3441 1569 3536 exquisivit
1594 3439 1739 3514 aliorum
1774 3439 1925 3514 alchite·

587 3555 739 3647 (lorum,
762 3559 875 3633 Baccii
903 3559 1055 3652 Agnoli,
1085 3561 1269 3633 Antoniia
1308 3564 1341 3632 S.
1380 3561 1511 3648 Gallo,
1551 3562 1706 3634 Andreae
1739 3563 1773 3632 δι
1811 3559 1923 3634 iacobi

587 3680 857 3754 muneramus
880 3701 901 3755 e
926 3681 1043 3756 Monte
1069 3679 1241 3751 srzsabtni
1254 3727 1267 3764 ,
1291 3685 1326 3754 δι
1349 3683 1531 3772 Raphaelis
1548 3679 1717 3765 arnalii.
1752 3681 1812 3775 qui
1846 3703 1922 3752 cum

552 3821 555 3826 ’
587 3797 648 3874 ecls
656 3796 859 3885 Florentiam
878 3793 1019 3876 venerat
1033 3839 1051 3872 a
1066 3803 1141 3872 Hoc
1167 3822 1254 3876 sane-
1266 3801 1449 3894 displicuit·
1458 3803 1661 3874 Bonarrotio
1672 3848 1684 3884 ,
1704 3825 1745 3874 ac
1769 3823 1835 3872 suo
1850 3793 1926 3872 mo&

587 3919 754 4006 refilibere
778 3911 1051 4013 professarum,
1076 3935 1124 3993 se·
1138 3921 1236 3994 nolle·
1251 3925 1367 3995 socios
1391 3927 1427 3995 in
1451 3925 1650 4016 exequendo
1674 3927 1801 4013 o'pere,
1827 3921 1923 4015 cujus
1983 3970 1989 3981 ι

588 4063 712 4136 caussa
744 4039 801 4119 dtr
824 4045 966 4124 nimium
989 4031 1166 4118 Carrariae
1190 4049 1225 4116 dt
1249 4047 1441 4117 Saravetiae
1467 4043 1533 4116 suit
1559 4045 1606 4116 ari
1620 4045 1822 4118 excavanda
1837 4067 1925 4114 mar·

586 4185 818 4258 morasquae
841 4161 896 4237 illi
911 4157 1013 4238 erant
1031 4163 1248 4240 necessaria
1281 4165 1350 4236 Leo
1375 4173 1458 4236 v'ero
1484 4164 1662 4251 pecuniam
1695 4159 1924 4253 suppeditavit

588 4283 774 4371 odviam,
803 4303 987 4379 quaelerat
1011 4273 1194 4377 impdrvidss
1216 4273 1366 4377 perviam
1392 4283 1604 4370 faciendam,
1629 4304 1668 4356 ut
1693 4309 1736 4358 ex
1762 4281 1924 4382 altissimo

587 4422 729 4489 monte„
753 4405 811 4497 qtti
828 4406 983 4477 imminet
1004 4397 1219 4488 serenetur,
1243 4405 1377 4478 facilius
1400 4409 1567 4478 marmora
1583 4405 1626 4478 ad
1639 4407 1738 4478 mare·
1755 4399 1833 4476 velli
1852 4425 1923 4508 po·

588 4504 759 4610 tuissent.
780 4523 847 4602 Sed
867 4521 1011 4604 omnino
1029 4517 1177 4602 annunt
1192 4509 1434 4618 consumptum
1459 4525 1532 4600 sair
1549 4525 1708 4622 temporis
1734 4525 1780 4598 ad
1802 4549 1843 4600 aa
1862 4513 1924 4608 sa}
