4372 5842
627 605 682 672 ,V
726 609 728 616 '
774 608 789 676 l
889 609 920 678 'l'
1018 609 1049 678 Α
1185 635 1187 642 ·
1452 621 1519 690 179
1584 615 1588 624 “

233 728 330 812 suis,
355 702 450 824 quas,
465 726 636 792 Musarum
672 721 875 795 domicilium
914 727 1081 812 dixisses,
1115 725 1376 818 typographiam
1412 723 1570 792 institue·

234 869 285 919 tat
310 841 372 938 (93
380 865 421 936 J.
444 845 649 932 Suspiciebat
676 844 710 912 in
735 844 851 913 Portio
878 826 985 916 multa
1013 847 1137 938 ingenii
1163 850 1194 912 dt
1219 845 1320 914 animi
1334 845 1449 918 bona,
1474 864 1565 910 erim·

234 977 302 1060 que
328 965 511 1053 Aprutinae
537 964 709 1034 Ecclesiae
736 966 923 1052 praefecit,
948 981 1128 1058 postquam
1154 989 1275 1057 magna
1294 965 1442 1034 omnium
1463 960 1566 1030 admi·

235 1086 367 1157 ratione
393 1085 583 1156 cathedram
609 1087 820 1174 eloquentiae
859 1089 1013 1154 Romano
1049 1086 1085 1153 in
1111 1084 1389 1176 Archigymnasio
1415 1104 1568 1154 rexerat:

239 1229 319 1276 uam
343 1204 416 1276 sive
440 1203 594 1292 publice,
618 1205 890 1291 sive-privatim
929 1205 1157 1298 declamaret,
1193 1204 1276 1276 nihil
1318 1206 1389 1296 eius
1424 1203 1568 1271 dic‘lioue

242 1325 410 1410 suavius,
437 1323 520 1393 nihil
545 1325 747 1416 jucundius,
782 1325 864 1394 nihil
905 1325 1085 1412 expolitius
1126 1325 1197 1396 fieri
1236 1347 1336 1414 posse
1372 1322 1570 1390 videbatur.

236 1446 312 1514 Hac
337 1441 437 1514 laude
464 1445 668 1513 contendere
695 1467 770 1527 cum
796 1469 838 1514 eo
864 1467 998 1533 poterat
1023 1446 1194 1516 Phaedrus
1211 1441 1453 1534 lnghiramius,
1474 1435 1573 1530 quem

241 1567 399 1636 Erasmus
416 1564 470 1633 sui
487 1563 612 1633 saeculi
636 1565 833 1636 Ciceronem
851 1569 868 1653 (
886 1565 1110 1635 assentatorie
1137 1561 1281 1634 fortasse
1298 1563 1425 1652 nimis)
1448 1561 1573 1634 diuum
1694 1555 1697 1562 ’

240 1685 344 1754 suisse
370 1703 542 1771 testatur,
567 1691 600 1756 δι
626 1711 701 1756 cum
727 1709 768 1756 eo
792 1659 876 1755 sane
901 1684 1081 1756 liberaliter
1120 1685 1187 1775 egit
1222 1684 1315 1769 Leo,
1351 1683 1575 1774 quemadmo-

239 1804 317 1875 dum
330 1828 434 1893 supra
451 1803 716 1888 declaravimus,
742 1807 865 1898 majora
884 1805 1048 1891 daturus,
1069 1805 1134 1876 nisi
1159 1807 1194 1875 in
1219 1804 1365 1876 florenti
1386 1823 1496 1872 aetate
1517 1825 1575 1873 att·

246 1945 366 1995 norum
393 1941 506 1996 xbv1.
532 1926 619 1996 idem
645 1925 874 1995 infelicissimo
901 1947 982 1996 casu
1009 1943 1150 1995 naturae
1168 1925 1412 1994 concessisset·
1437 1923 1506 2014 Qui
1523 1937 1575 1990 tot

243 2021 349 2113 annos
375 2043 472 2112 fidem
509 2067 604 2114 suam
640 2046 799 2114 Romanis
839 2021 1061 2114 Pontificibus
1098 2063 1286 2134 promptam
1320 2042 1577 2132 expositamque

243 2163 395 2250 praebuit
420 2162 602 2253 Maffejns,
626 2165 775 2253 dibapho
800 2165 934 2255 quidem
965 2165 1183 2255 dignissimus
1209 2165 1414 2254 putabatur,
1438 2167 1472 2233 dt
1496 2183 1580 2229 sae·

244 2306 286 2372 pe
312 2283 405 2354 visus
431 2301 482 2354 est
509 2285 575 2354 Leo
602 2303 678 2353 toto
701 2283 813 2354 animo
833 2285 875 2354 de
904 2285 975 2376 ejus
1002 2285 1211 2356 ornamentis
1237 2289 1270 2354 dt
1296 2281 1480 2353 commodis
1515 2302 1580 2350 co·

244 2404 373 2506 gitare.
400 2404 568 2474 Praefecit
593 2403 686 2474 illum
711 2399 1092 2496 Aquinatium-sacris,
1130 2401 1267 2496 aliisque
1304 2403 1414 2473 affecit
1451 2401 1582 2473 benefi-

247 2523 327 2610 ciis,
353 2525 413 2594 sed
438 2516 572 2596 minime
596 2523 775 2594 decoravit
815 2525 1019 2613 amplissimo
1044 2526 1205 2610 honore,
1244 2525 1337 2618 quod
1366 2522 1582 2593 Florentino·

246 2667 320 2712 rum
345 2646 569 2736 quorumdam
595 2642 833 2716 malevolentia
859 2641 983 2714 sedium
1009 2643 1113 2715 fuisse
1137 2664 1315 2716 narratur.
1339 2647 1451 2737 Quam
1474 2639 1586 2711 Sado-

248 2759 338 2834 letus
363 2765 484 2837 tribuit
497 2763 642 2854 laudem
681 2764 837 2834 Comensi
872 2763 970 2836 lovio
1004 2762 1051 2862 ob
1081 2763 1243 2852 scriptam
1283 2765 1324 2833 ab
1367 2786 1408 2832 eo
1443 2783 1583 2832 suornm
1668 2795 1671 2802 ·

254 2879 446 2974 temporum
471 2885 668 2970 historiam,
695 2906 757 2954 suo
793 2883 989 2954 testimonio
1025 2883 1238 2953 confirmavit
1263 2885 1352 2952 Leo.
1389 2885 1472 2952 Nam
1508 2903 1585 2952 cnm

220 2997 224 3002 ’
250 2987 295 3072 ad
318 3025 354 3072 se
380 3003 548 3075 hominem
574 3024 754 3086 vocasset,
778 3005 810 3070 δι
835 3003 1006 3096 quoddam
1024 3026 1151 3096 munus·
1166 3001 1338 3106 (JEquites
1359 3002 1586 3102 dicebantur)

190 3187 196 3203 ,
253 3118 385 3214 praeter
411 3125 495 3195 illud
520 3125 665 3195 docendi
685 3124 931 3215 philosophiam
959 3124 1119 3196 moralem
1142 3124 1178 3203 in
1203 3124 1485 3216 Archigymnasio
1510 3123 1588 3188 Ro·

254 3266 354 3314 mano
380 3244 413 3313 ei
435 3243 636 3334 detulisset,
663 3243 778 3316 coram
802 3243 1037 3318 cardinalibus
1061 3251 1093 3315 δι
1119 3247 1308 3335 Principum
1345 3243 1478 3337 Legatis
1514 3249 1586 3337 ipse

253 3359 334 3455 legit
357 3361 488 3433 illarum
513 3362 732 3436 historiarum
758 3363 992 3454 prooemium,
1018 3367 1184 3434 affirmans
1223 3365 1306 3434 nihil
1327 3357 1365 3436 in
1400 3366 1466 3434 hoc
1509 3368 1590 3436 scri·

177 3563 179 3570 Α
254 3463 385 3569 ptionis
410 3497 535 3586 genere
558 3504 594 3552 se
618 3506 768 3574 unquam
792 3483 917 3555 vidisse
939 3481 1128 3576 elegantius
1159 3489 1192 3555 dc
1228 3487 1388 3576 gravius.
1424 3485 1591 3555 Commu-

257 3623 335 3705 trem
361 3626 435 3674 cum
458 3625 500 3674 eo
527 3603 670 3693 patriam
693 3604 838 3675 habebat
862 3607 999 3674 Marcus
1024 3603 1196 3674 Antonius
1222 3608 1422 3690 casanova,
1448 3605 1484 3675 in
1521 3626 1592 3697 quo

258 3718 420 3792 versatile
444 3740 518 3816 erat
544 3720 739 3814 ingenium,
766 3742 804 3794 ut
828 3743 947 3794 natum
972 3724 1014 3795 ad
1048 3725 1082 3796 id
1117 3724 1224 3796 utrum
1266 3727 1435 3808 dixisses,
1474 3729 1593 3817 quod·

260 3857 393 3930 cunque
417 3842 563 3932 egisset.
587 3847 746 3915 Fortasse
770 3845 902 3915 minime
929 3844 1094 3933 probavit
1111 3844 1147 3914 in
1172 3867 1213 3920 eo
1238 3845 1332 3925 Leo,
1346 3869 1348 3876 ’
1364 3845 1455 3936 quod
1489 3868 1593 3936 argu·

170 4055 174 4064 ·
258 3953 324 4026 tias
350 3957 382 4022 &
408 3983 549 4032 acumen
574 3964 743 4037 Martialis
769 3963 1022 4047 aemulamina
1045 3963 1204 4055 graviora
1230 3983 1342 4034 autem
1366 3964 1486 4034 habuit
1509 3961 1595 4033 Cle·

258 4095 354 4146 mens
381 4095 450 4151 νη.
474 4104 560 4171 quae
586 4083 621 4152 in
639 4081 698 4152 illo
723 4083 982 4174 reprehenderet
1000 4083 1115 4175 ,quod
1138 4082 1310 4153 immemor
1335 4079 1598 4170 beneficiorum,

262 4218 396 4286 quaeat
416 4201 528 4269 Leone
554 4219 754 4290 acceperat,
779 4219 913 4288 tantum
937 4202 1168 4296 indulgentiae
1192 4202 1311 4273 tribuit
1335 4201 1507 4294 Pompeio*
1522 4181 1597 4272 Co·-

247 4310 402 4417 'lumnae
424 4317 617 4404 Cardinali,
642 4337 682 4392 ut
704 4322 816 4416 omnia
841 4321 1040 4407 maledidla,
1063 4343 1183 4395 versus
1199 4321 1303 4392 etiam
1318 4321 1597 4392 obscoenissimos

264 4423 302 4504 iit
323 4436 526 4526 se'dixerit.
551 4437 690 4525 Minime
714 4440 838 4518 attinet
864 4440 989 4514 referre
1015 4453 1144 4538 quanto
1162 4445 1199 4517 in
1224 4444 1332 4536 pretio
1349 4441 1504 4514 habuerit
1524 4441 1593 4513 Leo

921 4561 998 4637 Za
1340 4557 1342 4564 ’
1568 4556 1572 4567 ⁴
