4372 5842
655 633 691 696 ·''
701 683 732 751 v
827 681 841 749 1
938 684 969 754 r
1066 685 1096 754 n
1475 699 1542 774 ¹99

262 798 337 883 dia,
364 796 400 870 in
424 823 493 892 quo
518 821 616 890 saepe
641 803 795 892 peccavit
820 801 1031 890 Trissinius,
1057 801 1187 872 minute
1209 823 1344 874 narrat..
1370 805 1519 874 Tantum
1540 821 1589 873 ta·

261 941 337 988 men
361 919 529 992 tribuebat
554 922 722 992 Trissinio
747 920 989 1003 Oricellarius,
1022 927 1056 994 dc
1090 927 1211 996 merito
1246 923 1398 1018 quidem,
1434 941 1472 993 ut
1511 945 1589 992 eum

260 1039 455 1124 praesertim
478 1061 617 1110 suorum
642 1043 844 1130 scriptorum
874 1041 1124 1112 emendatorem
1149 1067 1222 1114 esse
1248 1061 1402 1132 cuperet.
1434 1041 1589 1132 Contigit

262 1179 403 1248 quoque
439 1159 572 1241 leoni,
609 1179 646 1230 ur
670 1159 785 1230 audior
814 1159 928 1231 multis
947 1160 1050 1232 fuisse
1075 1163 1230 1236 videatur
1245 1161 1440 1232 condendae
1456 1184 1590 1232 comoe-

260 1274 336 1344 diae
359 1276 402 1346 ad
427 1279 621 1348 Latinorum
644 1301 769 1349 motem
792 1277 902 1366 (108)
926 1281 1087 1372 dabisque
1113 1281 1203 1350 illius
1228 1280 1457 1366 humanitati,
1481 1287 1514 1352 dc
1540 1279 1592 1350 iu·

256 1393 359 1483 genio
387 1395 428 1464 ad
454 1396 629 1468 ridendum
650 1400 920 1490 promptissimo,
942 1401 971 1470 si
998 1422 1038 1471 ea
1064 1396 1294 1469 oblectabatur
1311 1399 1420 1480 adeo,
1448 1416 1485 1466 ut
1504 1421 1588 1488 quo·

257 1513 371 1582 tannis
398 1515 441 1584 ad
464 1537 500 1584 se
525 1540 649 1587 vocare
672 1519 793 1590 solitus
816 1538 904 1590 esset
929 1521 1094 1588 Senenses
1116 1520 1276 1610 juvenes,
1303 1517 1360 1608 qui
1384 1539 1454 1586 non
1481 1517 1588 1586 multo

256 1649 336 1720 post
360 1651 494 1704 coetum
509 1681 521 1714 ,
544 1625 601 1706 cui
628 1660 750 1708 nomen
783 1639 948 1732 dederunt
982 1637 1151 1720 Rodium,
1192 1637 1433 1708 instituerunt.
1459 1638 1589 1707 Etenim

257 1749 283 1821 ii
310 1753 344 1822 in
366 1754 433 1823 hoc
458 1753 658 1842 scriptionis
682 1779 802 1847 genere
827 1755 1015 1848 cacellere,
1042 1759 1073 1823 dc
1098 1757 1215 1845 optimi
1242 1756 1396 1826 comoedi
1421 1779 1494 1826 esse
1522 1778 1591 1844 pu·

258 1873 420 1944 tabantur
446 1874 575 1967 (109).
602 1878 674 1945 Hoc
699 1877 801 1946 etiam
825 1878 959 1948 nornine
996 1876 1213 1948 charissimus
1239 1875 1288 1946 illi
1309 1875 1376 1946 fuit
1402 1877 1588 1963 Dovitius,

258 1986 301 2059 de
337 2013 405 2082 quo
430 1995 543 2064 Jovius
588 1995 671 2066 haec
707 1999 887 2068 memoriae
926 1997 1119 2066 mandavit:
1157 1996 1314 2068 Poeticae
1353 1991 1385 2066 dr
1424 1995 1587 2066 Etruscae

258 2109 394 2206 linguae
417 2114 585 2184 studiosas
610 2116 793 2186 comoedias
819 2114 920 2185 multo
944 2116 1037 2199 sole,
1077 2116 1253 2212 multisque
1272 2117 1406 2206 facetiis
1447 2117 1584 2206 refertas

256 2232 497 2327 componebat,
519 2233 682 2328 ingenuos
703 2234 845 2324 juvenes
868 2235 913 2305 ad
938 2236 1161 2308 histrionicam
1187 2234 1400 2324 lrortalatar,
1440 2233 1472 2305 dr
1509 2259 1587 2309 sce·
1625 2225 1628 2232 ’

254 2376 319 2423 nas
343 2355 378 2422 in
409 2353 569 2423 Vaticano
592 2355 750 2449 spatiosis
775 2357 810 2425 in
833 2353 1051 2426 conclavibus
1066 2355 1287 2436 instituebat.
1308 2357 1494 2450 Propterea
1511 2378 1586 2426 cam

249 2471 339 2564 forte
378 2472 574 2544 Calandram
612 2497 634 2543 a
669 2473 822 2546 mollibus
859 2477 1052 2572 argutisqae
1088 2474 1256 2570 leporibus
1287 2477 1525 2570 perjucundum
1549 2480 1585 2546 in

250 2593 395 2687 gratiam
420 2591 588 2664 isabellae
614 2593 799 2665 Mantuani
823 2595 996 2690 Principis
1021 2597 1136 2667 uaeris
1170 2619 1232 2690 per
1262 2595 1389 2667 nobiles
1414 2598 1585 2668 comoedos

251 2715 598 2810 ageresimstitaissen
620 2712 778 2808 precibus
804 2717 1017 2809 impetravit,
1041 2731 1080 2784 ut
1104 2717 1175 2809 ipse
1201 2715 1364 2808 Pontifex
1392 2738 1412 2788 e
1444 2719 1586 2811 conspi-

250 2857 313 2906 crto
337 2834 410 2906 loco
434 2833 653 2930 despeciaret.
685 2835 770 2906 Erat
793 2838 890 2908 etiam
914 2835 1053 2906 Bibiena
1088 2833 1192 2905 mirus
1231 2836 1352 2926 artifex
1371 2878 1373 2882 -
1394 2835 1583 2908 bominibus

249 2973 381 3041 aetate,
407 2953 466 3026 vel
484 2955 692 3050 professione
714 2954 877 3050 gravtdus
902 2956 946 3025 ad
969 2951 1135 3026 insaniam
1161 2954 1385 3050 impellendis,
1423 2979 1488 3051 qao
1520 2981 1583 3052 ge-

251 3097 331 3147 mere
354 3070 522 3146 dominum
537 3076 618 3148 adeo
634 3075 796 3168 Pontifex
821 3075 1067 3161 odlee‘lalatur,
1093 3093 1130 3148 ιιι
1157 3075 1346 3164 laudando,
1371 3098 1412 3148 ae
1436 3079 1519 3162 mita
1534 3081 1585 3151 eis

248 3195 503 3290 persuadendo,
526 3197 743 3291 donandoptte
771 3195 889 3291 plures
914 3221 955 3269 ex
980 3193 1108 3267 stolidis
1128 3195 1366 3284 stultissimos,
1393 3193 1585 3275 &maxime

250 3314 409 3388 ridiculos
431 3309 555 3405 efficere
579 3317 825 3389 consuevisset.
851 3319 928 3388 Non
951 3315 1131 3387 defuerunt
1156 3315 1213 3386 illa
1237 3335 1348 3388 aetate
1373 3313 1427 3387 alii
1451 3320 1582 3409 gravis·

248 3435 327 3506 simi
350 3435 504 3506 homines
529 3487 540 3521 ,
565 3437 687 3528 quibus
714 3437 837 3509 facium
859 3438 927 3507 hoc
967 3437 1077 3506 minus
1117 3415 1364 3506 consideratum
1387 3481 1400 3516 ,
1425 3459 1464 3508 ac
1489 3462 1585 3528 pror·

247 3577 305 3625 sus
331 3554 586 3644 improbandum
610 3556 835 3648 judicarunt,
864 3556 990 3647 quique
1015 3575 1138 3624 scenae
1162 3553 1332 3628 licentiam
1357 3556 1583 3629 vehementis·

245 3672 330 3744 sime
352 3673 565 3762 increparent
591 3673 723 3767 (rto).
764 3674 959 3746 Laudarunt
984 3672 1040 3743 alii
1069 3672 1351 3764 magnificentiam
1385 3673 1508 3747 Leonis
1543 3677 1581 3748 in

246 3793 513 3881 apparatissimis
542 3793 738 3884 spellaculis
773 3793 995 3884 praebendis,
1030 3793 1127 3882 quasi
1151 3791 1300 3863 omnium
1325 3793 1448 3864 artium
1471 3815 1580 3870 natu·

166 3979 172 3986 .
245 3935 317 3983 ram
356 3915 390 3983 δι
426 3910 663 4002 persedionem
688 3911 1028 4002 comprehendisset.
1068 3913 1153 3982 Nam
1178 3896 1428 4004 cum‘quoridie
1463 3937 1578 3986 secum

242 4029 381 4104 baberet
401 4033 546 4104 artifices
581 4033 835 4123 peritissimos,
877 4035 941 4103 hos
975 4032 1030 4103 vel
1066 4033 1101 4102 in
1137 4033 1281 4104 minimis
1308 4032 1577 4124 tenuissimisque

243 4151 343 4221 rebus
367 4150 570 4236 adhibebat,
605 4172 643 4224 ut
682 4154 716 4226 in
749 4153 905 4224 omnibus
931 4149 1051 4241 optimi
1076 4139 1183 4222 forma
1207 4153 1415 4241 appareret.
1454 4153 1577 4222 Narrat

245 4269 414 4361 Georgius
439 4271 599 4339 Vasatius
624 4287 711 4363 quae
737 4273 777 4342 ab
802 4295 843 4341 eo
868 4270 1026 4342 mandata
1068 4270 1222 4340 habuerit
1253 4267 1428 4340 Balrhasar
1470 4271 1577 4342 Peru·

244 4387 343 4469 tius‚·
363 4391 524 4476 &quam
548 4385 627 4456 felir
652 4387 754 4459 suerit
779 4389 814 4458 in
835 4389 1007 4480 pingendis
1041 4387 1179 4470 scenis,
1207 4411 1292 4480 quae
1318 4389 1465 4479 agendae
1503 4395 1576 4462 Ca-

244 4503 383 4606 laodrae
414 4505 646 4588 inservirent.
670 4507 784 4584 Nihilo
808 4525 920 4582 tamen
945 4509 1057 4582 minsis
1082 4507 1236 4583 dubitare
1269 4507 1425 4584 nonnulli
1448 4507 1574 4586 viden·
