<?xml version="1.0" encoding="UTF-8"?>
<!DOCTYPE html PUBLIC "-//W3C//DTD XHTML 1.0 Transitional//EN"
    "http://www.w3.org/TR/xhtml1/DTD/xhtml1-transitional.dtd">
<html xmlns="http://www.w3.org/1999/xhtml" xml:lang="en" lang="en">
 <head>
  <title>
</title>
<meta http-equiv="Content-Type" content="text/html;charset=utf-8" />
  <meta name='ocr-system' content='tesseract 3.04.00' />
  <meta name='ocr-capabilities' content='ocr_page ocr_carea ocr_par ocr_line ocrx_word'/>
</head>
<body>
  <div class='ocr_page' id='page_1' title='image "./leonisxpontific00fabrgoog_0126.png"; bbox 0 0 4386 5838; ppageno 0'>
   <div class='ocr_carea' id='block_1_1' title="bbox 615 617 1943 854">
    <p class='ocr_par' dir='ltr' id='par_1_1' title="bbox 615 617 1943 854">
     <span class='ocr_line' id='line_1_1' title="bbox 615 617 1821 725; baseline -0.014 -13"><span class='ocrx_word' id='word_1_1' title='bbox 615 642 681 712; x_wconf 80' lang='lat' dir='ltr'>nt</span> <span class='ocrx_word' id='word_1_2' title='bbox 1000 617 1545 706; x_wconf 76' lang='lat' dir='ltr'>tsoutsn.</span> <span class='ocrx_word' id='word_1_3' title='bbox 1816 714 1821 725; x_wconf 28' lang='grc' dir='ltr'>Ι</span> 
     </span>
     <span class='ocr_line' id='line_1_2' title="bbox 656 739 1943 854; baseline -0.009 -27"><span class='ocrx_word' id='word_1_4' title='bbox 656 757 774 848; x_wconf 88' lang='lat' dir='ltr'>Neque</span> <span class='ocrx_word' id='word_1_5' title='bbox 799 755 856 827; x_wconf 87' lang='lat' dir='ltr'>hic</span> <span class='ocrx_word' id='word_1_6' title='bbox 890 755 1076 827; x_wconf 89' lang='lat' dir='ltr'>constitere</span> <span class='ocrx_word' id='word_1_7' title='bbox 1106 757 1231 828; x_wconf 88' lang='lat' dir='ltr'>indicia</span> <span class='ocrx_word' id='word_1_8' title='bbox 1269 753 1559 854; x_wconf 67' lang='lat' dir='ltr'>machinationum</span> <span class='ocrx_word' id='word_1_9' title='bbox 1594 747 1629 818; x_wconf 91' lang='lat' dir='ltr'>in</span> <span class='ocrx_word' id='word_1_10' title='bbox 1686 739 1883 816; x_wconf 69' lang='lat' dir='ltr'>Pontificem</span> <span class='ocrx_word' id='word_1_11' title='bbox 1940 743 1943 748; x_wconf 77' lang='grc'><strong>’</strong></span> 
     </span>
    </p>
   </div>
   <div class='ocr_carea' id='block_1_2' title="bbox 456 867 1976 3731">
    <p class='ocr_par' dir='ltr' id='par_1_2' title="bbox 456 867 1976 3731">
     <span class='ocr_line' id='line_1_3' title="bbox 560 867 1890 964; baseline -0.008 -16"><span class='ocrx_word' id='word_1_12' title='bbox 560 883 644 948; x_wconf 87' lang='lat' dir='ltr'>Cum</span> <span class='ocrx_word' id='word_1_13' title='bbox 670 893 894 946; x_wconf 84' lang='lat' dir='ltr'>convocasset</span> <span class='ocrx_word' id='word_1_14' title='bbox 919 877 1079 946; x_wconf 82' lang='lat' dir='ltr'><strong>Senatum</strong></span> <span class='ocrx_word' id='word_1_15' title='bbox 1107 894 1159 948; x_wconf 79' lang='lat' dir='ltr'>vt.</span> <span class='ocrx_word' id='word_1_16' title='bbox 1192 875 1238 946; x_wconf 92' lang='lat' dir='ltr'>ld.</span> <span class='ocrx_word' id='word_1_17' title='bbox 1263 875 1384 956; x_wconf 90' lang='lat' dir='ltr'>lunii,</span> <span class='ocrx_word' id='word_1_18' title='bbox 1420 889 1613 964; x_wconf 85' lang='lat' dir='ltr'>praesentes</span> <span class='ocrx_word' id='word_1_19' title='bbox 1653 869 1769 940; x_wconf 77' lang='lat' dir='ltr'>adesse</span> <span class='ocrx_word' id='word_1_20' title='bbox 1805 867 1890 938; x_wconf 84' lang='lat' dir='ltr'>dixit</span> 
     </span>
     <span class='ocr_line' id='line_1_4' title="bbox 554 979 1893 1089; baseline -0.007 -22"><span class='ocrx_word' id='word_1_21' title='bbox 554 998 652 1068; x_wconf 91' lang='lat' dir='ltr'>binos</span> <span class='ocrx_word' id='word_1_22' title='bbox 683 996 768 1066; x_wconf 87' lang='lat' dir='ltr'>alios</span> <span class='ocrx_word' id='word_1_23' title='bbox 793 979 989 1066; x_wconf 89' lang='lat' dir='ltr'>Cardinales</span> <span class='ocrx_word' id='word_1_24' title='bbox 1012 995 1261 1089; x_wconf 85' lang='lat' dir='ltr'>conjurationis</span> <span class='ocrx_word' id='word_1_25' title='bbox 1282 995 1417 1074; x_wconf 84' lang='lat' dir='ltr'>socios„</span> <span class='ocrx_word' id='word_1_26' title='bbox 1433 983 1667 1082; x_wconf 85' lang='lat' dir='ltr'>&#39;invocatoque</span> <span class='ocrx_word' id='word_1_27' title='bbox 1687 987 1814 1060; x_wconf 89' lang='lat' dir='ltr'>Christi</span> <span class='ocrx_word' id='word_1_28' title='bbox 1831 1011 1893 1058; x_wconf 90' lang='lat' dir='ltr'>no·</span> 
     </span>
     <span class='ocr_line' id='line_1_5' title="bbox 560 1109 1895 1212; baseline -0.01 -21"><span class='ocrx_word' id='word_1_29' title='bbox 560 1118 675 1201; x_wconf 85' lang='lat' dir='ltr'>mine,</span> <span class='ocrx_word' id='word_1_30' title='bbox 701 1114 899 1206; x_wconf 77' lang='lat' dir='ltr'>detedloque</span> <span class='ocrx_word' id='word_1_31' title='bbox 934 1117 1043 1204; x_wconf 88' lang='lat' dir='ltr'>capite</span> <span class='ocrx_word' id='word_1_32' title='bbox 1070 1139 1183 1186; x_wconf 91' lang='lat' dir='ltr'>coram</span> <span class='ocrx_word' id='word_1_33' title='bbox 1218 1115 1309 1212; x_wconf 88' lang='lat' dir='ltr'>illius</span> <span class='ocrx_word' id='word_1_34' title='bbox 1350 1113 1519 1208; x_wconf 84' lang='lat' dir='ltr'>imagine,</span> <span class='ocrx_word' id='word_1_35' title='bbox 1544 1133 1666 1204; x_wconf 88' lang='lat' dir='ltr'>magna</span> <span class='ocrx_word' id='word_1_36' title='bbox 1685 1132 1773 1183; x_wconf 91' lang='lat' dir='ltr'>voce</span> <span class='ocrx_word' id='word_1_37' title='bbox 1795 1109 1895 1202; x_wconf 81' lang='lat' dir='ltr'>jura-</span> 
     </span>
     <span class='ocr_line' id='line_1_6' title="bbox 559 1231 1896 1332; baseline -0.004 -27"><span class='ocrx_word' id='word_1_38' title='bbox 559 1237 639 1332; x_wconf 78' lang='lat' dir='ltr'>vit,</span> <span class='ocrx_word' id='word_1_39' title='bbox 665 1261 701 1308; x_wconf 93' lang='lat' dir='ltr'>se</span> <span class='ocrx_word' id='word_1_40' title='bbox 726 1236 792 1308; x_wconf 88' lang='lat' dir='ltr'>illis</span> <span class='ocrx_word' id='word_1_41' title='bbox 817 1237 949 1308; x_wconf 88' lang='lat' dir='ltr'>veniam</span> <span class='ocrx_word' id='word_1_42' title='bbox 975 1237 1152 1323; x_wconf 86' lang='lat' dir='ltr'>daturum,</span> <span class='ocrx_word' id='word_1_43' title='bbox 1176 1237 1204 1304; x_wconf 92' lang='lat' dir='ltr'>si</span> <span class='ocrx_word' id='word_1_44' title='bbox 1230 1251 1406 1324; x_wconf 88' lang='lat' dir='ltr'>peccatum</span> <span class='ocrx_word' id='word_1_45' title='bbox 1443 1231 1525 1302; x_wconf 84' lang='lat' dir='ltr'>fassi</span> <span class='ocrx_word' id='word_1_46' title='bbox 1549 1249 1688 1302; x_wconf 88' lang='lat' dir='ltr'>essent.</span> <span class='ocrx_word' id='word_1_47' title='bbox 1724 1231 1896 1328; x_wconf 75' lang='lat' dir='ltr'>Negavere</span> 
     </span>
     <span class='ocr_line' id='line_1_7' title="bbox 562 1353 1897 1448; baseline -0.005 -22"><span class='ocrx_word' id='word_1_48' title='bbox 562 1361 669 1448; x_wconf 91' lang='lat' dir='ltr'>primo</span> <span class='ocrx_word' id='word_1_49' title='bbox 695 1357 896 1448; x_wconf 74' lang='lat' dir='ltr'>¹franciscus</span> <span class='ocrx_word' id='word_1_50' title='bbox 921 1356 1137 1441; x_wconf 87' lang='lat' dir='ltr'>Soderinius,</span> <span class='ocrx_word' id='word_1_51' title='bbox 1161 1361 1194 1426; x_wconf 73' lang='lat' dir='ltr'>St</span> <span class='ocrx_word' id='word_1_52' title='bbox 1220 1353 1410 1424; x_wconf 84' lang='lat' dir='ltr'>Hadrianus</span> <span class='ocrx_word' id='word_1_53' title='bbox 1430 1357 1668 1435; x_wconf 88' lang='lat' dir='ltr'>Cornetanus,</span> <span class='ocrx_word' id='word_1_54' title='bbox 1704 1373 1897 1442; x_wconf 87' lang='lat' dir='ltr'>quanquam</span> 
     </span>
     <span class='ocr_line' id='line_1_8' title="bbox 562 1470 1904 1556; baseline -0.006 -10"><span class='ocrx_word' id='word_1_55' title='bbox 562 1473 656 1546; x_wconf 92' lang='lat' dir='ltr'>oculi</span> <span class='ocrx_word' id='word_1_56' title='bbox 682 1481 716 1548; x_wconf 74' lang='lat' dir='ltr'>dt</span> <span class='ocrx_word' id='word_1_57' title='bbox 741 1497 845 1546; x_wconf 87' lang='lat' dir='ltr'>voces</span> <span class='ocrx_word' id='word_1_58' title='bbox 870 1474 1043 1546; x_wconf 87' lang='lat' dir='ltr'>Pontificis</span> <span class='ocrx_word' id='word_1_59' title='bbox 1067 1475 1151 1544; x_wconf 84' lang='lat' dir='ltr'>satis</span> <span class='ocrx_word' id='word_1_60' title='bbox 1179 1472 1268 1544; x_wconf 89' lang='lat' dir='ltr'>clare</span> <span class='ocrx_word' id='word_1_61' title='bbox 1294 1472 1370 1542; x_wconf 91' lang='lat' dir='ltr'>illos</span> <span class='ocrx_word' id='word_1_62' title='bbox 1395 1472 1606 1556; x_wconf 87' lang='lat' dir='ltr'>indicarent,</span> <span class='ocrx_word' id='word_1_63' title='bbox 1632 1476 1757 1542; x_wconf 81' lang='lat' dir='ltr'>&amp;tres</span> <span class='ocrx_word' id='word_1_64' title='bbox 1784 1470 1904 1540; x_wconf 87' lang='lat' dir='ltr'>Cardi-</span> 
     </span>
     <span class='ocr_line' id='line_1_9' title="bbox 456 1590 1898 1689; baseline -0.005 -22"><span class='ocrx_word' id='word_1_65' title='bbox 456 1605 459 1609; x_wconf 85' lang='lat'>&#39;</span> <span class='ocrx_word' id='word_1_66' title='bbox 563 1595 658 1666; x_wconf 87' lang='lat' dir='ltr'>nales</span> <span class='ocrx_word' id='word_1_67' title='bbox 685 1595 948 1684; x_wconf 85' lang='lat' dir='ltr'>conspirationis</span> <span class='ocrx_word' id='word_1_68' title='bbox 973 1595 1100 1689; x_wconf 83' lang='lat' dir='ltr'>judices</span> <span class='ocrx_word' id='word_1_69' title='bbox 1125 1594 1256 1686; x_wconf 84' lang='lat' dir='ltr'>magnis</span> <span class='ocrx_word' id='word_1_70' title='bbox 1289 1593 1440 1683; x_wconf 88' lang='lat' dir='ltr'>precibus</span> <span class='ocrx_word' id='word_1_71' title='bbox 1475 1593 1518 1664; x_wconf 89' lang='lat' dir='ltr'>ad</span> <span class='ocrx_word' id='word_1_72' title='bbox 1553 1591 1783 1662; x_wconf 86' lang='lat' dir='ltr'>confitendum</span> <span class='ocrx_word' id='word_1_73' title='bbox 1823 1590 1898 1660; x_wconf 92' lang='lat' dir='ltr'>illos</span> 
     </span>
     <span class='ocr_line' id='line_1_10' title="bbox 567 1710 1898 1804; baseline -0.001 -21"><span class='ocrx_word' id='word_1_74' title='bbox 567 1714 775 1784; x_wconf 84' lang='lat' dir='ltr'>invitarent.</span> <span class='ocrx_word' id='word_1_75' title='bbox 801 1719 939 1784; x_wconf 88' lang='lat' dir='ltr'>Cessere</span> <span class='ocrx_word' id='word_1_76' title='bbox 965 1713 1125 1796; x_wconf 86' lang='lat' dir='ltr'>tandem,</span> <span class='ocrx_word' id='word_1_77' title='bbox 1149 1736 1254 1804; x_wconf 89' lang='lat' dir='ltr'>seque</span> <span class='ocrx_word' id='word_1_78' title='bbox 1281 1715 1323 1784; x_wconf 91' lang='lat' dir='ltr'>ad</span> <span class='ocrx_word' id='word_1_79' title='bbox 1358 1715 1458 1803; x_wconf 86' lang='lat' dir='ltr'>pedes</span> <span class='ocrx_word' id='word_1_80' title='bbox 1483 1713 1656 1783; x_wconf 85' lang='lat' dir='ltr'>Pontificis</span> <span class='ocrx_word' id='word_1_81' title='bbox 1685 1710 1898 1783; x_wconf 82' lang='lat' dir='ltr'>lacrimantes</span> 
     </span>
     <span class='ocr_line' id='line_1_11' title="bbox 565 1829 1976 1926; baseline -0.001 -23"><span class='ocrx_word' id='word_1_82' title='bbox 565 1853 798 1924; x_wconf 86' lang='lat' dir='ltr'>prostravere.</span> <span class='ocrx_word' id='word_1_83' title='bbox 823 1833 924 1903; x_wconf 88' lang='lat' dir='ltr'>iidem</span> <span class='ocrx_word' id='word_1_84' title='bbox 945 1832 1074 1926; x_wconf 83' lang='lat' dir='ltr'>judices</span> <span class='ocrx_word' id='word_1_85' title='bbox 1100 1830 1257 1903; x_wconf 76' lang='lat' dir='ltr'>mutuam</span> <span class='ocrx_word' id='word_1_86' title='bbox 1284 1831 1349 1902; x_wconf 88' lang='lat' dir='ltr'>illis</span> <span class='ocrx_word' id='word_1_87' title='bbox 1374 1832 1568 1924; x_wconf 88' lang='lat' dir='ltr'>irrogavere</span> <span class='ocrx_word' id='word_1_88' title='bbox 1592 1847 1692 1902; x_wconf 81' lang='lat' dir='ltr'>xxv.</span> <span class='ocrx_word' id='word_1_89' title='bbox 1712 1829 1815 1902; x_wconf 90' lang='lat' dir='ltr'>millia</span> <span class='ocrx_word' id='word_1_90' title='bbox 1828 1854 1901 1902; x_wconf 88' lang='lat' dir='ltr'>nu·</span> <span class='ocrx_word' id='word_1_91' title='bbox 1969 1903 1976 1911; x_wconf 81' lang='grc'><strong>,</strong></span> 
     </span>
     <span class='ocr_line' id='line_1_12' title="bbox 456 1943 1919 2041; baseline -0.003 -17"><span class='ocrx_word' id='word_1_92' title='bbox 456 2009 459 2016; x_wconf 91' lang='grc'>.</span> <span class='ocrx_word' id='word_1_93' title='bbox 567 1976 657 2024; x_wconf 90' lang='lat' dir='ltr'>mum</span> <span class='ocrx_word' id='word_1_94' title='bbox 683 1975 861 2025; x_wconf 89' lang='lat' dir='ltr'>aureorum</span> <span class='ocrx_word' id='word_1_95' title='bbox 878 1995 900 2036; x_wconf 60' lang='lat'>,=</span> <span class='ocrx_word' id='word_1_96' title='bbox 916 1975 976 2022; x_wconf 90' lang='lat' dir='ltr'>nec</span> <span class='ocrx_word' id='word_1_97' title='bbox 1002 1948 1184 2021; x_wconf 83' lang='lat' dir='ltr'>defuerunt</span> <span class='ocrx_word' id='word_1_98' title='bbox 1210 1949 1363 2022; x_wconf 87' lang='lat' dir='ltr'>maledici</span> <span class='ocrx_word' id='word_1_99' title='bbox 1389 1952 1595 2038; x_wconf 87' lang='lat' dir='ltr'>consiliarii,</span> <span class='ocrx_word' id='word_1_100' title='bbox 1633 1952 1691 2041; x_wconf 91' lang='lat' dir='ltr'>qui</span> <span class='ocrx_word' id='word_1_101' title='bbox 1722 1943 1919 2021; x_wconf 84' lang='lat' dir='ltr'>suaderent&#39;</span> 
     </span>
     <span class='ocr_line' id='line_1_13' title="bbox 568 2071 1905 2170; baseline -0.004 -22"><span class='ocrx_word' id='word_1_102' title='bbox 568 2075 744 2161; x_wconf 79' lang='lat' dir='ltr'>Pontifici,</span> <span class='ocrx_word' id='word_1_103' title='bbox 772 2092 811 2144; x_wconf 93' lang='lat' dir='ltr'>ut</span> <span class='ocrx_word' id='word_1_104' title='bbox 836 2071 1022 2162; x_wconf 79' lang='lat' dir='ltr'>duplicaret</span> <span class='ocrx_word' id='word_1_105' title='bbox 1046 2094 1191 2159; x_wconf 87' lang='lat' dir='ltr'>poenam</span> <span class='ocrx_word' id='word_1_106' title='bbox 1214 2073 1328 2170; x_wconf 83' lang='lat' dir='ltr'>hanc,</span> <span class='ocrx_word' id='word_1_107' title='bbox 1355 2074 1515 2164; x_wconf 90' lang='lat' dir='ltr'>quoniam</span> <span class='ocrx_word' id='word_1_108' title='bbox 1546 2073 1692 2162; x_wconf 88' lang='lat' dir='ltr'>pecunia</span> <span class='ocrx_word' id='word_1_109' title='bbox 1717 2073 1837 2164; x_wconf 82' lang='lat' dir='ltr'>egebat</span> <span class='ocrx_word' id='word_1_110' title='bbox 1863 2073 1905 2143; x_wconf 92' lang='lat' dir='ltr'>ad</span> 
     </span>
     <span class='ocr_line' id='line_1_14' title="bbox 570 2191 1908 2286; baseline -0.003 -20"><span class='ocrx_word' id='word_1_111' title='bbox 570 2196 853 2286; x_wconf 84' lang='lat' dir='ltr'>prosequendum</span> <span class='ocrx_word' id='word_1_112' title='bbox 869 2191 990 2266; x_wconf 87' lang='lat' dir='ltr'>bellum</span> <span class='ocrx_word' id='word_1_113' title='bbox 1016 2192 1177 2266; x_wconf 83' lang='lat' dir='ltr'>adversus</span> <span class='ocrx_word' id='word_1_114' title='bbox 1203 2191 1384 2277; x_wconf 84' lang='lat' dir='ltr'>Feltrium,</span> <span class='ocrx_word' id='word_1_115' title='bbox 1409 2192 1444 2262; x_wconf 93' lang='lat' dir='ltr'>in</span> <span class='ocrx_word' id='word_1_116' title='bbox 1470 2215 1571 2285; x_wconf 89' lang='lat' dir='ltr'>quem</span> <span class='ocrx_word' id='word_1_117' title='bbox 1600 2214 1670 2262; x_wconf 84' lang='lat' dir='ltr'>nott</span> <span class='ocrx_word' id='word_1_118' title='bbox 1696 2215 1814 2281; x_wconf 88' lang='lat' dir='ltr'>parum</span> <span class='ocrx_word' id='word_1_119' title='bbox 1842 2217 1908 2262; x_wconf 91' lang='lat' dir='ltr'>su·</span> 
     </span>
     <span class='ocr_line' id='line_1_15' title="bbox 569 2311 1907 2408; baseline -0.001 -24"><span class='ocrx_word' id='word_1_120' title='bbox 569 2313 735 2404; x_wconf 86' lang='lat' dir='ltr'>spicionis</span> <span class='ocrx_word' id='word_1_121' title='bbox 759 2332 913 2404; x_wconf 84' lang='lat' dir='ltr'>patratae</span> <span class='ocrx_word' id='word_1_122' title='bbox 937 2314 1039 2408; x_wconf 80' lang='lat' dir='ltr'>hujus</span> <span class='ocrx_word' id='word_1_123' title='bbox 1065 2311 1328 2402; x_wconf 86' lang='lat' dir='ltr'>conspirationis</span> <span class='ocrx_word' id='word_1_124' title='bbox 1353 2312 1543 2384; x_wconf 88' lang='lat' dir='ltr'>recidebat.</span> <span class='ocrx_word' id='word_1_125' title='bbox 1570 2315 1650 2406; x_wconf 88' lang='lat' dir='ltr'>Qua</span> <span class='ocrx_word' id='word_1_126' title='bbox 1667 2337 1703 2384; x_wconf 89' lang='lat' dir='ltr'>te</span> <span class='ocrx_word' id='word_1_127' title='bbox 1719 2314 1765 2383; x_wconf 85' lang='lat' dir='ltr'>ab</span> <span class='ocrx_word' id='word_1_128' title='bbox 1787 2313 1828 2383; x_wconf 86' lang='lat' dir='ltr'>iis</span> <span class='ocrx_word' id='word_1_129' title='bbox 1845 2335 1907 2383; x_wconf 87' lang='lat' dir='ltr'>co-</span> 
     </span>
     <span class='ocr_line' id='line_1_16' title="bbox 571 2431 1914 2530; baseline 0 -26"><span class='ocrx_word' id='word_1_130' title='bbox 571 2436 696 2530; x_wconf 86' lang='lat' dir='ltr'>gnita,</span> <span class='ocrx_word' id='word_1_131' title='bbox 720 2432 833 2526; x_wconf 88' lang='lat' dir='ltr'>fugam</span> <span class='ocrx_word' id='word_1_132' title='bbox 857 2431 1068 2524; x_wconf 88' lang='lat' dir='ltr'>arripuerunt</span> <span class='ocrx_word' id='word_1_133' title='bbox 1090 2431 1154 2504; x_wconf 84' lang='lat' dir='ltr'>vel-</span> <span class='ocrx_word' id='word_1_134' title='bbox 1179 2451 1318 2523; x_wconf 90' lang='lat' dir='ltr'>propter</span> <span class='ocrx_word' id='word_1_135' title='bbox 1337 2431 1339 2440; x_wconf 79' lang='grc'>’</span> <span class='ocrx_word' id='word_1_136' title='bbox 1361 2435 1509 2506; x_wconf 88' lang='lat' dir='ltr'>criminis</span> <span class='ocrx_word' id='word_1_137' title='bbox 1551 2433 1822 2515; x_wconf 85' lang='lat' dir='ltr'>conscientiam,</span> <span class='ocrx_word' id='word_1_138' title='bbox 1857 2431 1914 2504; x_wconf 90' lang='lat' dir='ltr'>vei</span> 
     </span>
     <span class='ocr_line' id='line_1_17' title="bbox 574 2551 1914 2658; baseline -0.002 -30"><span class='ocrx_word' id='word_1_139' title='bbox 574 2574 713 2646; x_wconf 91' lang='lat' dir='ltr'>propter</span> <span class='ocrx_word' id='word_1_140' title='bbox 738 2555 894 2628; x_wconf 87' lang='lat' dir='ltr'>duritiam</span> <span class='ocrx_word' id='word_1_141' title='bbox 915 2552 1087 2650; x_wconf 87' lang='lat' dir='ltr'>judicum,</span> <span class='ocrx_word' id='word_1_142' title='bbox 1111 2557 1144 2624; x_wconf 77' lang='lat' dir='ltr'>dt</span> <span class='ocrx_word' id='word_1_143' title='bbox 1184 2551 1377 2626; x_wconf 89' lang='lat' dir='ltr'>invidorum</span> <span class='ocrx_word' id='word_1_144' title='bbox 1417 2553 1605 2628; x_wconf 91' lang='lat' dir='ltr'>malitiam.</span> <span class='ocrx_word' id='word_1_145' title='bbox 1643 2554 1838 2658; x_wconf 89' lang='lat' dir='ltr'>Soderinius</span> <span class='ocrx_word' id='word_1_146' title='bbox 1876 2553 1914 2625; x_wconf 84' lang='lat' dir='ltr'>itt</span> 
     </span>
     <span class='ocr_line' id='line_1_18' title="bbox 574 2673 1913 2768; baseline -0.002 -21"><span class='ocrx_word' id='word_1_147' title='bbox 574 2675 776 2750; x_wconf 82' lang='lat' dir='ltr'>Fundanum</span> <span class='ocrx_word' id='word_1_148' title='bbox 799 2697 915 2768; x_wconf 90' lang='lat' dir='ltr'>agrum</span> <span class='ocrx_word' id='word_1_149' title='bbox 935 2676 1099 2760; x_wconf 88' lang='lat' dir='ltr'>secessit,</span> <span class='ocrx_word' id='word_1_150' title='bbox 1124 2690 1396 2767; x_wconf 87' lang='lat' dir='ltr'>potestatemque</span> <span class='ocrx_word' id='word_1_151' title='bbox 1420 2673 1453 2744; x_wconf 92' lang='lat' dir='ltr'>ei</span> <span class='ocrx_word' id='word_1_152' title='bbox 1478 2673 1558 2745; x_wconf 82' lang='lat' dir='ltr'>lecit</span> <span class='ocrx_word' id='word_1_153' title='bbox 1582 2673 1742 2746; x_wconf 79' lang='lat' dir='ltr'>Pontifex</span> <span class='ocrx_word' id='word_1_154' title='bbox 1767 2675 1825 2746; x_wconf 91' lang='lat' dir='ltr'>ubi</span> <span class='ocrx_word' id='word_1_155' title='bbox 1840 2673 1913 2747; x_wconf 88' lang='lat' dir='ltr'>vel·</span> 
     </span>
     <span class='ocr_line' id='line_1_19' title="bbox 575 2793 1913 2890; baseline 0 -23"><span class='ocrx_word' id='word_1_156' title='bbox 575 2797 623 2876; x_wconf 84' lang='lat' dir='ltr'>let</span> <span class='ocrx_word' id='word_1_157' title='bbox 647 2795 825 2879; x_wconf 89' lang='lat' dir='ltr'>manendi,</span> <span class='ocrx_word' id='word_1_158' title='bbox 851 2795 931 2866; x_wconf 90' lang='lat' dir='ltr'>dum</span> <span class='ocrx_word' id='word_1_159' title='bbox 955 2817 998 2866; x_wconf 88' lang='lat' dir='ltr'>ne</span> <span class='ocrx_word' id='word_1_160' title='bbox 1022 2798 1150 2866; x_wconf 90' lang='lat' dir='ltr'>Romae</span> <span class='ocrx_word' id='word_1_161' title='bbox 1174 2811 1290 2867; x_wconf 89' lang='lat' dir='ltr'>esset.</span> <span class='ocrx_word' id='word_1_162' title='bbox 1315 2797 1396 2866; x_wconf 89' lang='lat' dir='ltr'>Erat</span> <span class='ocrx_word' id='word_1_163' title='bbox 1420 2795 1451 2865; x_wconf 89' lang='lat' dir='ltr'>ei</span> <span class='ocrx_word' id='word_1_164' title='bbox 1477 2793 1648 2888; x_wconf 80' lang='lat' dir='ltr'>ingenium</span> <span class='ocrx_word' id='word_1_165' title='bbox 1672 2820 1804 2890; x_wconf 88' lang='lat' dir='ltr'>grave,</span> <span class='ocrx_word' id='word_1_166' title='bbox 1829 2817 1913 2887; x_wconf 87' lang='lat' dir='ltr'>per·</span> 
     </span>
     <span class='ocr_line' id='line_1_20' title="bbox 571 2911 1915 3012; baseline 0.001 -26"><span class='ocrx_word' id='word_1_167' title='bbox 571 2915 718 3004; x_wconf 78' lang='lat' dir='ltr'>spicer,</span> <span class='ocrx_word' id='word_1_168' title='bbox 752 2911 959 3008; x_wconf 86' lang='lat' dir='ltr'>optimisque</span> <span class='ocrx_word' id='word_1_169' title='bbox 984 2913 1108 2986; x_wconf 91' lang='lat' dir='ltr'>litteris</span> <span class='ocrx_word' id='word_1_170' title='bbox 1134 2915 1307 3005; x_wconf 84' lang='lat' dir='ltr'>praeclare</span> <span class='ocrx_word' id='word_1_171' title='bbox 1333 2915 1533 3004; x_wconf 87' lang='lat' dir='ltr'>excultum,</span> <span class='ocrx_word' id='word_1_172' title='bbox 1566 2919 1625 2989; x_wconf 91' lang='lat' dir='ltr'>sed</span> <span class='ocrx_word' id='word_1_173' title='bbox 1664 2916 1808 2990; x_wconf 89' lang='lat' dir='ltr'>avaritia</span> <span class='ocrx_word' id='word_1_174' title='bbox 1838 2939 1915 3012; x_wconf 84' lang='lat' dir='ltr'>eor·</span> 
     </span>
     <span class='ocr_line' id='line_1_21' title="bbox 577 3033 1917 3129; baseline 0.004 -25"><span class='ocrx_word' id='word_1_175' title='bbox 577 3053 699 3124; x_wconf 89' lang='lat' dir='ltr'>ruptus</span> <span class='ocrx_word' id='word_1_176' title='bbox 725 3033 822 3106; x_wconf 83' lang='lat' dir='ltr'>iidem</span> <span class='ocrx_word' id='word_1_177' title='bbox 846 3059 945 3129; x_wconf 88' lang='lat' dir='ltr'>saepe</span> <span class='ocrx_word' id='word_1_178' title='bbox 970 3038 1089 3110; x_wconf 88' lang='lat' dir='ltr'>habuit</span> <span class='ocrx_word' id='word_1_179' title='bbox 1114 3035 1286 3110; x_wconf 82' lang='lat' dir='ltr'>venalem.</span> <span class='ocrx_word' id='word_1_180' title='bbox 1311 3040 1526 3107; x_wconf 89' lang='lat' dir='ltr'>Cornetanus</span> <span class='ocrx_word' id='word_1_181' title='bbox 1550 3037 1718 3127; x_wconf 85' lang='lat' dir='ltr'>suspicax&#39;</span> <span class='ocrx_word' id='word_1_182' title='bbox 1744 3041 1778 3108; x_wconf 79' lang='lat' dir='ltr'>sc</span> <span class='ocrx_word' id='word_1_183' title='bbox 1821 3037 1917 3110; x_wconf 90' lang='lat' dir='ltr'>timi·</span> 
     </span>
     <span class='ocr_line' id='line_1_22' title="bbox 579 3153 1918 3251; baseline 0 -25"><span class='ocrx_word' id='word_1_184' title='bbox 579 3153 665 3240; x_wconf 90' lang='lat' dir='ltr'>dus,</span> <span class='ocrx_word' id='word_1_185' title='bbox 690 3157 748 3248; x_wconf 91' lang='lat' dir='ltr'>qui</span> <span class='ocrx_word' id='word_1_186' title='bbox 774 3157 815 3228; x_wconf 90' lang='lat' dir='ltr'>ad</span> <span class='ocrx_word' id='word_1_187' title='bbox 840 3180 989 3229; x_wconf 86' lang='lat' dir='ltr'>summos</span> <span class='ocrx_word' id='word_1_188' title='bbox 1014 3157 1163 3227; x_wconf 88' lang='lat' dir='ltr'>honores</span> <span class='ocrx_word' id='word_1_189' title='bbox 1188 3175 1390 3246; x_wconf 89' lang='lat' dir='ltr'>pervenerat</span> <span class='ocrx_word' id='word_1_190' title='bbox 1414 3181 1486 3228; x_wconf 92' lang='lat' dir='ltr'>non</span> <span class='ocrx_word' id='word_1_191' title='bbox 1507 3157 1799 3229; x_wconf 88' lang='lat' dir='ltr'>commendatione</span> <span class='ocrx_word' id='word_1_192' title='bbox 1814 3159 1918 3251; x_wconf 72' lang='lat' dir='ltr'>majo·</span> 
     </span>
     <span class='ocr_line' id='line_1_23' title="bbox 578 3270 1922 3366; baseline 0.003 -22"><span class='ocrx_word' id='word_1_193' title='bbox 578 3295 656 3344; x_wconf 84' lang='lat' dir='ltr'>tum</span> <span class='ocrx_word' id='word_1_194' title='bbox 682 3273 832 3361; x_wconf 82' lang='lat' dir='ltr'>(hunrili</span> <span class='ocrx_word' id='word_1_195' title='bbox 854 3278 945 3348; x_wconf 91' lang='lat' dir='ltr'>enim</span> <span class='ocrx_word' id='word_1_196' title='bbox 969 3270 1099 3348; x_wconf 78' lang='lat' dir='ltr'>familia</span> <span class='ocrx_word' id='word_1_197' title='bbox 1122 3276 1263 3348; x_wconf 89' lang='lat' dir='ltr'>Corneti</span> <span class='ocrx_word' id='word_1_198' title='bbox 1288 3293 1392 3345; x_wconf 89' lang='lat' dir='ltr'>natus</span> <span class='ocrx_word' id='word_1_199' title='bbox 1418 3277 1530 3366; x_wconf 87' lang='lat' dir='ltr'>erat)</span> <span class='ocrx_word' id='word_1_200' title='bbox 1555 3277 1615 3347; x_wconf 90' lang='lat' dir='ltr'>sed</span> <span class='ocrx_word' id='word_1_201' title='bbox 1639 3277 1804 3348; x_wconf 78' lang='lat' dir='ltr'>bonarum</span> <span class='ocrx_word' id='word_1_202' title='bbox 1833 3277 1922 3348; x_wconf 84' lang='lat' dir='ltr'>litte·</span> 
     </span>
     <span class='ocr_line' id='line_1_24' title="bbox 580 3394 1921 3498; baseline 0.004 -35"><span class='ocrx_word' id='word_1_203' title='bbox 580 3417 692 3470; x_wconf 84' lang='lat' dir='ltr'>tarum</span> <span class='ocrx_word' id='word_1_204' title='bbox 716 3398 749 3464; x_wconf 77' lang='lat' dir='ltr'>dt</span> <span class='ocrx_word' id='word_1_205' title='bbox 775 3394 985 3476; x_wconf 85' lang='lat' dir='ltr'>dexteritatis</span> <span class='ocrx_word' id='word_1_206' title='bbox 1012 3395 1211 3491; x_wconf 84' lang='lat' dir='ltr'>cujusdam,</span> <span class='ocrx_word' id='word_1_207' title='bbox 1234 3421 1303 3498; x_wconf 80' lang='lat' dir='ltr'>qua</span> <span class='ocrx_word' id='word_1_208' title='bbox 1327 3394 1425 3465; x_wconf 89' lang='lat' dir='ltr'>facile</span> <span class='ocrx_word' id='word_1_209' title='bbox 1452 3397 1683 3482; x_wconf 91' lang='lat' dir='ltr'>potentiorum</span> <span class='ocrx_word' id='word_1_210' title='bbox 1707 3396 1921 3486; x_wconf 68' lang='lat' dir='ltr'>{voluntates</span> 
     </span>
     <span class='ocr_line' id='line_1_25' title="bbox 551 3511 1922 3602; baseline 0.004 -19"><span class='ocrx_word' id='word_1_211' title='bbox 551 3586 553 3592; x_wconf 68' lang='grc'>,</span> <span class='ocrx_word' id='word_1_212' title='bbox 582 3512 644 3583; x_wconf 88' lang='lat' dir='ltr'>sibi</span> <span class='ocrx_word' id='word_1_213' title='bbox 669 3511 897 3602; x_wconf 84' lang='lat' dir='ltr'>conciliabat,</span> <span class='ocrx_word' id='word_1_214' title='bbox 918 3517 1017 3595; x_wconf 84' lang='lat' dir='ltr'>rebus</span> <span class='ocrx_word' id='word_1_215' title='bbox 1045 3516 1128 3588; x_wconf 89' lang='lat' dir='ltr'>adeo</span> <span class='ocrx_word' id='word_1_216' title='bbox 1154 3517 1226 3588; x_wconf 90' lang='lat' dir='ltr'>suis</span> <span class='ocrx_word' id='word_1_217' title='bbox 1250 3517 1391 3598; x_wconf 83' lang='lat' dir='ltr'>diffidit,</span> <span class='ocrx_word' id='word_1_218' title='bbox 1415 3538 1476 3602; x_wconf 90' lang='lat' dir='ltr'>ut,</span> <span class='ocrx_word' id='word_1_219' title='bbox 1500 3535 1587 3589; x_wconf 86' lang='lat' dir='ltr'>teste</span> <span class='ocrx_word' id='word_1_220' title='bbox 1610 3520 1658 3588; x_wconf 90' lang='lat' dir='ltr'>lo.</span> <span class='ocrx_word' id='word_1_221' title='bbox 1683 3517 1791 3588; x_wconf 87' lang='lat' dir='ltr'>Pierio</span> <span class='ocrx_word' id='word_1_222' title='bbox 1817 3517 1922 3589; x_wconf 87' lang='lat' dir='ltr'>Vale·</span> 
     </span>
     <span class='ocr_line' id='line_1_26' title="bbox 583 3631 1921 3731; baseline 0.004 -29"><span class='ocrx_word' id='word_1_223' title='bbox 583 3631 704 3717; x_wconf 91' lang='lat' dir='ltr'>riano,</span> <span class='ocrx_word' id='word_1_224' title='bbox 730 3655 838 3724; x_wconf 87' lang='lat' dir='ltr'>neque</span> <span class='ocrx_word' id='word_1_225' title='bbox 862 3656 931 3726; x_wconf 92' lang='lat' dir='ltr'>quo</span> <span class='ocrx_word' id='word_1_226' title='bbox 956 3634 1103 3720; x_wconf 89' lang='lat' dir='ltr'>abiisse,</span> <span class='ocrx_word' id='word_1_227' title='bbox 1127 3658 1238 3726; x_wconf 88' lang='lat' dir='ltr'>neque</span> <span class='ocrx_word' id='word_1_228' title='bbox 1265 3637 1322 3708; x_wconf 90' lang='lat' dir='ltr'>ubi</span> <span class='ocrx_word' id='word_1_229' title='bbox 1342 3656 1459 3726; x_wconf 88' lang='lat' dir='ltr'>esset,</span> <span class='ocrx_word' id='word_1_230' title='bbox 1483 3637 1741 3730; x_wconf 88' lang='lat' dir='ltr'>quatuordecim</span> <span class='ocrx_word' id='word_1_231' title='bbox 1762 3638 1829 3731; x_wconf 81' lang='lat' dir='ltr'>jam</span> <span class='ocrx_word' id='word_1_232' title='bbox 1844 3636 1921 3708; x_wconf 86' lang='lat' dir='ltr'>ela·</span> 
     </span>
    </p>
   </div>
   <div class='ocr_carea' id='block_1_3' title="bbox 583 3750 1924 3966">
    <p class='ocr_par' dir='ltr' id='par_1_3' title="bbox 583 3750 1924 3966">
     <span class='ocr_line' id='line_1_27' title="bbox 583 3750 1921 3850; baseline 0.003 -30"><span class='ocrx_word' id='word_1_233' title='bbox 583 3751 651 3841; x_wconf 90' lang='lat' dir='ltr'>psis</span> <span class='ocrx_word' id='word_1_234' title='bbox 678 3750 804 3835; x_wconf 83' lang='lat' dir='ltr'>amris,</span> <span class='ocrx_word' id='word_1_235' title='bbox 827 3751 1004 3844; x_wconf 86' lang='lat' dir='ltr'>quisquam</span> <span class='ocrx_word' id='word_1_236' title='bbox 1023 3839 1025 3844; x_wconf 23' lang='grc' dir='ltr'>Ι</span> <span class='ocrx_word' id='word_1_237' title='bbox 1041 3755 1195 3841; x_wconf 86' lang='lat' dir='ltr'>potuerit¹</span> <span class='ocrx_word' id='word_1_238' title='bbox 1229 3757 1432 3850; x_wconf 74' lang='lat' dir='ltr'>explorare.</span> <span class='ocrx_word' id='word_1_239' title='bbox 1458 3760 1630 3830; x_wconf 89' lang='lat' dir='ltr'>Constans</span> <span class='ocrx_word' id='word_1_240' title='bbox 1656 3775 1769 3828; x_wconf 87' lang='lat' dir='ltr'>tamen</span> <span class='ocrx_word' id='word_1_241' title='bbox 1803 3755 1921 3845; x_wconf 91' lang='lat' dir='ltr'>opinio</span> 
     </span>
     <span class='ocr_line' id='line_1_28' title="bbox 585 3855 1924 3966; baseline 0.005 -27"><span class='ocrx_word' id='word_1_242' title='bbox 585 3855 652 3940; x_wconf 75' lang='lat' dir='ltr'>fui&#39;t</span> <span class='ocrx_word' id='word_1_243' title='bbox 672 3918 683 3953; x_wconf 92' lang='lat'>,</span> <span class='ocrx_word' id='word_1_244' title='bbox 707 3869 835 3953; x_wconf 88' lang='lat' dir='ltr'>addidit</span> <span class='ocrx_word' id='word_1_245' title='bbox 859 3869 933 3958; x_wconf 88' lang='lat' dir='ltr'>ille,</span> <span class='ocrx_word' id='word_1_246' title='bbox 958 3895 1054 3959; x_wconf 87' lang='lat' dir='ltr'>enm,</span> <span class='ocrx_word' id='word_1_247' title='bbox 1080 3874 1195 3966; x_wconf 89' lang='lat' dir='ltr'>insuto</span> <span class='ocrx_word' id='word_1_248' title='bbox 1221 3875 1257 3946; x_wconf 92' lang='lat' dir='ltr'>in</span> <span class='ocrx_word' id='word_1_249' title='bbox 1281 3876 1480 3948; x_wconf 88' lang='lat' dir='ltr'>interiorem</span> <span class='ocrx_word' id='word_1_250' title='bbox 1502 3878 1679 3950; x_wconf 85' lang='lat' dir='ltr'>thoracem</span> <span class='ocrx_word' id='word_1_251' title='bbox 1715 3899 1798 3947; x_wconf 89' lang='lat' dir='ltr'>auro</span> <span class='ocrx_word' id='word_1_252' title='bbox 1834 3898 1924 3953; x_wconf 86' lang='lat' dir='ltr'>one·</span> 
     </span>
    </p>
   </div>
   <div class='ocr_carea' id='block_1_4' title="bbox 585 3989 1928 4554">
    <p class='ocr_par' dir='ltr' id='par_1_4' title="bbox 585 3989 1928 4554">
     <span class='ocr_line' id='line_1_29' title="bbox 585 3989 1923 4088; baseline 0.005 -29"><span class='ocrx_word' id='word_1_253' title='bbox 585 4007 723 4076; x_wconf 82' lang='lat' dir='ltr'>ratum,</span> <span class='ocrx_word' id='word_1_254' title='bbox 749 3989 884 4062; x_wconf 76' lang='lat' dir='ltr'>conius</span> <span class='ocrx_word' id='word_1_255' title='bbox 911 3989 1028 4063; x_wconf 85' lang='lat' dir='ltr'>famuli</span> <span class='ocrx_word' id='word_1_256' title='bbox 1049 3994 1188 4082; x_wconf 87' lang='lat' dir='ltr'>perfidia</span> <span class='ocrx_word' id='word_1_257' title='bbox 1211 4017 1436 4085; x_wconf 88' lang='lat' dir='ltr'>oppressum,</span> <span class='ocrx_word' id='word_1_258' title='bbox 1462 4018 1614 4088; x_wconf 91' lang='lat' dir='ltr'>auroque</span> <span class='ocrx_word' id='word_1_259' title='bbox 1638 4014 1818 4084; x_wconf 89' lang='lat' dir='ltr'>surrepto,</span> <span class='ocrx_word' id='word_1_260' title='bbox 1857 4017 1923 4066; x_wconf 84' lang='lat' dir='ltr'>ca·</span> 
     </span>
     <span class='ocr_line' id='line_1_30' title="bbox 587 4107 1928 4214; baseline 0.004 -33"><span class='ocrx_word' id='word_1_261' title='bbox 587 4109 692 4214; x_wconf 76' lang='lat' dir='ltr'>daven</span> <span class='ocrx_word' id='word_1_262' title='bbox 717 4107 871 4182; x_wconf 85' lang='lat' dir='ltr'>solitario</span> <span class='ocrx_word' id='word_1_263' title='bbox 898 4109 1014 4204; x_wconf 86' lang='lat' dir='ltr'>aliquo</span> <span class='ocrx_word' id='word_1_264' title='bbox 1049 4110 1126 4183; x_wconf 91' lang='lat' dir='ltr'>loco</span> <span class='ocrx_word' id='word_1_265' title='bbox 1162 4113 1373 4186; x_wconf 90' lang='lat' dir='ltr'>occultatum</span> <span class='ocrx_word' id='word_1_266' title='bbox 1409 4114 1544 4186; x_wconf 83' lang='lat' dir='ltr'>fuisse.</span> <span class='ocrx_word' id='word_1_267' title='bbox 1578 4119 1697 4188; x_wconf 80' lang='lat' dir='ltr'>Fertur</span> <span class='ocrx_word' id='word_1_268' title='bbox 1732 4137 1803 4186; x_wconf 87' lang='lat' dir='ltr'>non</span> <span class='ocrx_word' id='word_1_269' title='bbox 1846 4137 1928 4186; x_wconf 83' lang='lat' dir='ltr'>ma·</span> 
     </span>
     <span class='ocr_line' id='line_1_31' title="bbox 586 4225 1922 4328; baseline 0.004 -31"><span class='ocrx_word' id='word_1_270' title='bbox 586 4225 793 4317; x_wconf 81' lang='lat' dir='ltr'>levolentia,</span> <span class='ocrx_word' id='word_1_271' title='bbox 833 4234 894 4304; x_wconf 89' lang='lat' dir='ltr'>sed</span> <span class='ocrx_word' id='word_1_272' title='bbox 927 4257 1020 4314; x_wconf 85' lang='lat' dir='ltr'>vana</span> <span class='ocrx_word' id='word_1_273' title='bbox 1054 4237 1217 4328; x_wconf 90' lang='lat' dir='ltr'>regnandi</span> <span class='ocrx_word' id='word_1_274' title='bbox 1254 4237 1443 4324; x_wconf 86' lang='lat' dir='ltr'>eupiditate</span> <span class='ocrx_word' id='word_1_275' title='bbox 1468 4235 1591 4307; x_wconf 86' lang='lat' dir='ltr'>Leonis</span> <span class='ocrx_word' id='word_1_276' title='bbox 1615 4228 1758 4307; x_wconf 86' lang='lat' dir='ltr'>mortem</span> <span class='ocrx_word' id='word_1_277' title='bbox 1785 4257 1922 4304; x_wconf 88' lang='lat' dir='ltr'>concu-</span> 
     </span>
     <span class='ocr_line' id='line_1_32' title="bbox 586 4331 1922 4446; baseline 0.001 -28"><span class='ocrx_word' id='word_1_278' title='bbox 586 4348 736 4445; x_wconf 86' lang='lat' dir='ltr'>pivisse:</span> <span class='ocrx_word' id='word_1_279' title='bbox 759 4373 830 4421; x_wconf 92' lang='lat' dir='ltr'>non</span> <span class='ocrx_word' id='word_1_280' title='bbox 855 4353 1000 4434; x_wconf 78' lang='lat' dir='ltr'>obscure</span> <span class='ocrx_word' id='word_1_281' title='bbox 1024 4355 1112 4426; x_wconf 88' lang='lat' dir='ltr'>enim</span> <span class='ocrx_word' id='word_1_282' title='bbox 1129 4355 1276 4428; x_wconf 63' lang='lat' dir='ltr'>fatidica</span> <span class='ocrx_word' id='word_1_283' title='bbox 1301 4355 1419 4436; x_wconf 84' lang='lat' dir='ltr'>mulier</span> <span class='ocrx_word' id='word_1_284' title='bbox 1445 4357 1682 4446; x_wconf 78' lang='lat' dir='ltr'>praedixerat,</span> <span class='ocrx_word' id='word_1_285' title='bbox 1705 4355 1784 4426; x_wconf 90' lang='lat' dir='ltr'>huic</span> <span class='ocrx_word' id='word_1_286' title='bbox 1804 4331 1922 4422; x_wconf 50' lang='lat' dir='ltr'>immas</span> 
     </span>
     <span class='ocr_line' id='line_1_33' title="bbox 589 4472 1921 4554; baseline -0.002 -7"><span class='ocrx_word' id='word_1_287' title='bbox 589 4487 667 4547; x_wconf 85' lang='lat' dir='ltr'>tura</span> <span class='ocrx_word' id='word_1_288' title='bbox 692 4489 802 4553; x_wconf 82' lang='lat' dir='ltr'>morte</span> <span class='ocrx_word' id='word_1_289' title='bbox 827 4472 962 4548; x_wconf 88' lang='lat' dir='ltr'>sublato</span> <span class='ocrx_word' id='word_1_290' title='bbox 996 4475 1109 4554; x_wconf 89' lang='lat' dir='ltr'>virum</span> <span class='ocrx_word' id='word_1_291' title='bbox 1138 4497 1252 4554; x_wconf 86' lang='lat' dir='ltr'>senem</span> <span class='ocrx_word' id='word_1_292' title='bbox 1277 4478 1414 4550; x_wconf 91' lang='lat' dir='ltr'>nomine</span> <span class='ocrx_word' id='word_1_293' title='bbox 1432 4477 1639 4552; x_wconf 85' lang='lat' dir='ltr'>Hadrianum</span> <span class='ocrx_word' id='word_1_294' title='bbox 1665 4493 1921 4549; x_wconf 85' lang='lat' dir='ltr'>successurum.</span> 
     </span>
    </p>
   </div>
   <div class='ocr_carea' id='block_1_5' title="bbox 0 0 2248 5828">
    <p class='ocr_par' dir='ltr' id='par_1_5' title="bbox 0 0 2248 5828">
     <span class='ocr_line' id='line_1_34' title="bbox 0 0 2248 5828; baseline 0 0"><span class='ocrx_word' id='word_1_295' title='bbox 0 0 2248 5828; x_wconf 95' lang='lat' dir='ltr'> </span> 
     </span>
    </p>
   </div>
  </div>
 </body>
</html>
