4386 5838
718 637 750 704 v
846 639 861 707 1
958 643 989 712 's
1088 645 1117 714 A
1511 663 1575 738 rar

303 751 473 863 cuniis,
497 757 555 850 qui
579 758 754 830 adomnia
781 763 1016 851 trepidabant,
1039 766 1121 835 haec
1147 763 1231 834 nibil
1259 765 1477 855 praedicere,
1503 771 1535 834 br
1561 765 1625 834 nri-

302 872 405 944 rabile
441 876 523 947 nihil
566 880 713 968 hab'ere,
747 901 785 952 ut
822 903 900 980 pote
939 909 1024 977 quae
1057 887 1257 957 naturaliter
1292 887 1442 972 fiebant,
1483 892 1627 958 affirma-

303 992 354 1062 nit
380 993 478 1085 (ὃς).
495 999 660 1084 Saeculo,
686 1026 754 1094 quo
782 1004 964 1074 credulitas
988 1003 1249 1087 dominabatur,
1270 1007 1355 1076 uitta
1379 1008 1462 1076 haec
1489 1025 1628 1096 accepta

305 1107 421 1198 fuere,
445 1118 579 1204 perinde
605 1123 688 1191 acsi
705 1125 814 1194 minus
840 1124 1027 1216 religiosum
1053 1125 1198 1196 animum
1222 1105 1427 1216 proderent,
1454 1133 1489 1200 δι
1513 1131 1631 1199 obtre-

307 1231 474 1308 dlatorum
499 1243 706 1313 sermonibus
730 1243 843 1315 locum
866 1247 1049 1317 dederunt.

405 1359 631 1450 Prospiciebat
656 1365 683 1434 is
708 1347 843 1456 quidem
869 1387 996 1456 quauta
1022 1385 1203 1456 tempestas
1237 1367 1469 1450 excitaretur,
1505 1385 1635 1458 quauta

307 1475 512 1567 impenderet
539 1481 686 1568 procella
711 1483 929 1573 Reipublicae
956 1487 995 1557 ab
1022 1488 1128 1576 impiis
1155 1489 1295 1558 Lutheri
1328 1487 1538 1572 conatibus,
1576 1485 1635 1554 ni-

308 1595 427 1688 hilque
456 1597 505 1668 illi
531 1599 598 1670 suit
623 1603 760 1690 potius,
787 1627 887 1696 quam
913 1623 952 1674 ut
977 1608 1081 1696 magis
1108 1608 1279 1700 magisque
1306 1605 1539 1677 inflammaret
1565 1608 1637 1674 Ca-

308 1714 419 1788 rolum
446 1737 486 1789 v.
512 1720 554 1790 ad
579 1720 656 1790 illos
691 1703 939 1796 retundendos,
959 1723 1021 1794 Vel
1047 1747 1226 1818 antequam
1246 1729 1273 1798 is
1299 1731 1422 1797 Caesar
1445 1705 1638 1804 crearetur,

295 1818 403 1906 ‘omrai
426 1838 613 1908 officiorum
629 1864 750 1931 genere
776 1842 868 1915 illum
887 1846 949 1915 sibi
970 1819 1236 1930 conciliaverat,
1260 1847 1491 1917 obstrinxerat
1508 1864 1644 1927 autem,

313 1978 390 2026 cum
415 1957 491 2028 belli
517 1960 653 2031 Turcici
680 1987 802 2034 caussa
835 1966 898 2054 ipsi
923 1968 1140 2036 concessisset
1166 1965 1341 2055 decumam
1374 1963 1640 2034 sacerdotiorum
1725 1977 1729 1986 '

312 2077 499 2162 Castiliae,
528 2103 565 2151 ac
590 2085 819 2154 severissimas
847 2109 971 2174 poenas
1001 2088 1217 2183 expetivisset
1241 2087 1281 2156 ab
1306 2088 1374 2170 iis,
1414 2085 1473 2174 qui
1510 2082 1643 2153 solvere
1710 2061 1712 2066 ¹

313 2196 534 2280 recusabant,
559 2227 644 2292 quae
670 2229 722 2275 res
748 2204 897 2278 civilium
925 2205 1168 2276 discordiarum
1195 2230 1307 2276 semen
1333 2203 1423 2274 fuit.
1449 2206 1533 2272 Cum
1563 2224 1645 2267 nar-

313 2335 403 2385 raret
429 2314 501 2402 illi,
528 2343 616 2411 quae
640 2323 888 2411 sapientiorum
912 2331 944 2394 br
970 2325 1076 2394 totius
1101 2329 1245 2396 Senatus
1271 2324 1414 2394 consilio
1453 2325 1485 2391 δι
1522 2319 1645 2386 suffra-

313 2435 374 2524 giis
400 2457 574 2525 gesserat,
601 2465 643 2510 ne
669 2442 791 2513 malum
828 2442 964 2537 longius
1000 2464 1178 2527 manaret,
1217 2463 1409 2534 quantum,
1444 2433 1646 2525 contemptis

314 2554 386 2627 suis
411 2556 573 2644 decretis,
599 2563 876 2635 corroboraretur
900 2566 1052 2655 quotidie
1072 2583 1087 2636 ,‘
1118 2565 1152 2632 in
1190 2582 1335 2654 quantas
1375 2559 1647 2650 perturbationes

315 2677 529 2748 Germaniam
553 2673 746 2750 universam
771 2683 971 2770 coniecisset
1007 2685 1107 2753 unius
1133 2685 1276 2752 bominis
1312 2681 1476 2752 audacia.
1502 2679 1533 2743 &
1550 2699 1651 2766 quam

318 2795 595 2871 immoderate&
621 2800 752 2891 ingrate
778 2826 839 2872 sua
874 2801 1041 2871 facilitate
1079 2803 1203 2871 abusus
1246 2799 1387 2880 fuisset,
1422 2799 1502 2868 satis
1538 2813 1652 2883 aperte

319 2913 504 2987 declaravit
540 2919 575 2989 in
613 2921 686 3008 ipso
712 2945 802 3010 spem
828 2944 961 2991 ornnem
987 2921 1087 2991 sitam
1112 2941 1186 2989 esse
1225 2914 1311 3007 (60)
1351 2923 1383 2988 δι
1419 2917 1537 2986 debere
1572 2938 1649 2986 eum

321 3038 363 3106 ad
375 3037 563 3126 exemplum
580 3038 806 3112 illustriorum
824 3046 1006 3111 Caesarum
1033 3065 1102 3110 non
1118 3038 1229 3108 solum
1248 3037 1446 3108 Catholicae
1459 3035 1651 3128 Ecclesiae,

320 3158 379 3242 sed
404 3163 437 3228 δι
464 3180 543 3227 suas
569 3165 818 3230 &ceterorum
843 3160 1035 3248 Principum
1060 3157 1175 3230 ulcisci
1200 3159 1366 3252 injurias,
1397 3157 1489 3248 quod
1515 3157 1572 3246 qui
1597 3177 1657 3224 re«

320 3275 476 3368 ligionem
504 3277 640 3363 violat,
665 3297 840 3370 oppugnat
866 3303 1041 3350 commune
1065 3279 1218 3349 omnium
1243 3259 1468 3366 praesidium,
1491 3275 1657 3346 debitam·

322 3419 389 3486 que
412 3398 651 3486 imperantibus
675 3397 802 3482 fidem,
827 3423 915 3492 quae
954 3420 1045 3470 stare
1082 3422 1151 3469 non
1190 3418 1329 3488 potest,
1371 3395 1427 3497 ubi
1465 3394 1655 3464 dominatur

323 3515 523 3604 opinionum
547 3514 707 3601 licentia,
733 3523 766 3588 dr
791 3517 1008 3588 immoderata
1033 3520 1169 3589 vivendi
1189 3519 1351 3589 libertas.
1379 3517 1410 3584 0
1436 3535 1501 3586 rem
1518 3513 1650 3581 miroml

325 3635 536 3706 exclamabat
555 3640 656 3725 ipse.¹
674 3637 740 3724 Qui
766 3638 954 3731 magistrum
976 3637 1131 3729 publicae
1158 3636 1351 3734 religionis,
1377 3633 1409 3706 ὁ
1438 3634 1658 3706 caerimonia-

324 3775 396 3824 rum
422 3752 454 3826 ὁ
479 3779 645 3827 sacrorum
671 3759 836 3830 antistites
856 3759 947 3848 serre
971 3779 1038 3827 non
1062 3773 1229 3849 possunt,
1255 3779 1417 3828 conservo
1434 3755 1656 3848 impurissimo

325 3877 500 3962 seruiunt.
525 3881 667 3948 Patuere
691 3877 846 3947 Caesaris
873 3901 969 3948 aures
996 3878 1140 3970 querelis
1167 3878 1366 3956 Pontificis,
1396 3870 1568 3964 edidloque
1584 3873 1656 3960 jus-

321 4000 388 4080 sit,
418 4001 557 4072 ineunte
581 4027 673 4074 auno
700 4019 837 4076 noxxr.
865 4003 980 4073 adesse
1013 4004 1209 4072 Vormatiae
1246 4001 1447 4071 Germaniae
1483 3997 1653 4084 Principes

328 4118 529 4190 consulendi
553 4141 674 4190 caussa
697 4121 779 4211 quid
804 4121 894 4192 sadlo
919 4144 1005 4210 opus
1025 4117 1118 4190 esset
1146 4121 1187 4190 ad
1223 4119 1503 4206 comprimendam
1541 4104 1658 4186 incen-

328 4257 400 4306 sam
423 4233 642 4324 cupiditatem
668 4263 719 4308 res
745 4243 925 4324 novandi,
950 4246 982 4310 dr
1023 4239 1177 4308 traditam
1217 4261 1236 4307 a
1270 4237 1450 4331 majoribus
1482 4258 1659 4306 sacrorum

329 4357 538 4446 disciplinam
564 4357 756 4427 deserendi.
774 4361 865 4427 *Cum
888 4360 1146 4444 convenissent,
1173 4361 1205 4428 dr
1230 4354 1455 4444 intelligerent
1480 4357 1657 4424 Caesarem

329 4475 574 4577 itthutberunt
598 4473 672 4550 fore
696 4473 889 4570 duriorem,
914 4478 1083 4571 quiaea,
1106 4503 1194 4572 quae
1231 4475 1456 4551 meditabatur
1496 4475 1661 4550 adversus
