<?xml version="1.0" encoding="UTF-8"?>
<!DOCTYPE html PUBLIC "-//W3C//DTD XHTML 1.0 Transitional//EN"
    "http://www.w3.org/TR/xhtml1/DTD/xhtml1-transitional.dtd">
<html xmlns="http://www.w3.org/1999/xhtml" xml:lang="en" lang="en">
 <head>
  <title>
</title>
<meta http-equiv="Content-Type" content="text/html;charset=utf-8" />
  <meta name='ocr-system' content='tesseract 3.04.00' />
  <meta name='ocr-capabilities' content='ocr_page ocr_carea ocr_par ocr_line ocrx_word'/>
</head>
<body>
  <div class='ocr_page' id='page_1' title='image "./leonisxpontific00fabrgoog_0105.png"; bbox 0 0 4386 5838; ppageno 0'>
   <div class='ocr_carea' id='block_1_1' title="bbox 286 728 1635 964">
    <p class='ocr_par' dir='ltr' id='par_1_1' title="bbox 286 728 1635 964">
     <span class='ocr_line' id='line_1_1' title="bbox 674 728 1547 818; baseline 0 -6"><span class='ocrx_word' id='word_1_1' title='bbox 674 737 744 812; x_wconf 68' lang='lat' dir='ltr'>:t</span> <span class='ocrx_word' id='word_1_2' title='bbox 841 749 856 814; x_wconf 90' lang='lat' dir='ltr'>r</span> <span class='ocrx_word' id='word_1_3' title='bbox 955 750 987 818; x_wconf 87' lang='grc' dir='ltr'>τ</span> <span class='ocrx_word' id='word_1_4' title='bbox 1084 728 1134 816; x_wconf 79' lang='lat' dir='ltr'>a&#39;</span> <span class='ocrx_word' id='word_1_5' title='bbox 1377 789 1380 798; x_wconf 75' lang='lat'>,</span> <span class='ocrx_word' id='word_1_6' title='bbox 1544 747 1547 754; x_wconf 78' lang='grc'><strong>’</strong></span> 
     </span>
     <span class='ocr_line' id='line_1_2' title="bbox 286 753 1635 964; baseline -0.01 -22"><span class='ocrx_word' id='word_1_7' title='bbox 286 889 429 964; x_wconf 73' lang='lat' dir='ltr'>¹qnoque</span> <span class='ocrx_word' id='word_1_8' title='bbox 453 867 494 940; x_wconf 92' lang='lat' dir='ltr'>de</span> <span class='ocrx_word' id='word_1_9' title='bbox 512 838 721 940; x_wconf 83' lang='lat' dir='ltr'>restituenda</span> <span class='ocrx_word' id='word_1_10' title='bbox 736 869 918 942; x_wconf 80' lang='lat' dir='ltr'>Mutina&amp;</span> <span class='ocrx_word' id='word_1_11' title='bbox 938 867 1047 960; x_wconf 84' lang='lat' dir='ltr'>Regio</span> <span class='ocrx_word' id='word_1_12' title='bbox 1068 856 1373 957; x_wconf 64' lang='lat' dir='ltr'>capidul-”enarras</span> <span class='ocrx_word' id='word_1_13' title='bbox 1396 859 1505 946; x_wconf 88' lang='lat' dir='ltr'>Duci,</span> <span class='ocrx_word' id='word_1_14' title='bbox 1526 753 1635 952; x_wconf 59' lang='lat' dir='ltr'>dddns</span> 
     </span>
    </p>
   </div>
   <div class='ocr_carea' id='block_1_2' title="bbox 296 969 1752 1085">
    <p class='ocr_par' dir='ltr' id='par_1_2' title="bbox 296 969 1752 1085">
     <span class='ocr_line' id='line_1_3' title="bbox 296 969 1752 1085; baseline -0.01 -24"><span class='ocrx_word' id='word_1_15' title='bbox 296 993 332 1062; x_wconf 87' lang='lat' dir='ltr'>in</span> <span class='ocrx_word' id='word_1_16' title='bbox 356 993 499 1085; x_wconf 77' lang='lat' dir='ltr'>gratiam</span> <span class='ocrx_word' id='word_1_17' title='bbox 525 989 718 1060; x_wconf 86' lang='lat' dir='ltr'>reducendo</span> <span class='ocrx_word' id='word_1_18' title='bbox 742 991 859 1059; x_wconf 91' lang='lat' dir='ltr'>Urbini</span> <span class='ocrx_word' id='word_1_19' title='bbox 882 991 1054 1081; x_wconf 81' lang='lat' dir='ltr'><strong>Principe,</strong></span> <span class='ocrx_word' id='word_1_20' title='bbox 1080 987 1137 1079; x_wconf 91' lang='lat' dir='ltr'>qui</span> <span class='ocrx_word' id='word_1_21' title='bbox 1161 1007 1237 1057; x_wconf 88' lang='lat' dir='ltr'>cum</span> <span class='ocrx_word' id='word_1_22' title='bbox 1261 983 1426 1075; x_wconf 86' lang='lat' dir='ltr'>stipendia</span> <span class='ocrx_word' id='word_1_23' title='bbox 1450 969 1643 1056; x_wconf 79' lang='lat' dir='ltr'>mereretur</span> <span class='ocrx_word' id='word_1_24' title='bbox 1749 977 1752 982; x_wconf 82' lang='grc'>’</span> 
     </span>
    </p>
   </div>
   <div class='ocr_carea' id='block_1_3' title="bbox 294 1095 1638 1318">
    <p class='ocr_par' dir='ltr' id='par_1_3' title="bbox 294 1095 1638 1318">
     <span class='ocr_line' id='line_1_4' title="bbox 294 1095 1634 1202; baseline -0.009 -20"><span class='ocrx_word' id='word_1_25' title='bbox 294 1113 491 1194; x_wconf 71' lang='lat' dir='ltr'>Pontinos,</span> <span class='ocrx_word' id='word_1_26' title='bbox 518 1129 616 1181; x_wconf 90' lang='lat' dir='ltr'>antea</span> <span class='ocrx_word' id='word_1_27' title='bbox 641 1111 779 1202; x_wconf 81' lang='lat' dir='ltr'>jungere</span> <span class='ocrx_word' id='word_1_28' title='bbox 803 1111 919 1200; x_wconf 89' lang='lat' dir='ltr'>copias</span> <span class='ocrx_word' id='word_1_29' title='bbox 949 1131 1027 1180; x_wconf 89' lang='lat' dir='ltr'>suas</span> <span class='ocrx_word' id='word_1_30' title='bbox 1054 1130 1129 1178; x_wconf 91' lang='lat' dir='ltr'>cum</span> <span class='ocrx_word' id='word_1_31' title='bbox 1155 1105 1338 1176; x_wconf 78' lang='lat' dir='ltr'>laurentio</span> <span class='ocrx_word' id='word_1_32' title='bbox 1363 1103 1544 1186; x_wconf 83' lang='lat' dir='ltr'>Mediceo,</span> <span class='ocrx_word' id='word_1_33' title='bbox 1577 1095 1634 1192; x_wconf 84' lang='lat' dir='ltr'>qui</span> 
     </span>
     <span class='ocr_line' id='line_1_5' title="bbox 296 1221 1638 1318; baseline -0.01 -15"><span class='ocrx_word' id='word_1_34' title='bbox 296 1251 506 1303; x_wconf 81' lang='lat' dir='ltr'>successerat</span> <span class='ocrx_word' id='word_1_35' title='bbox 530 1230 681 1300; x_wconf 79' lang='lat' dir='ltr'>vicarius</span> <span class='ocrx_word' id='word_1_36' title='bbox 706 1231 839 1299; x_wconf 90' lang='lat' dir='ltr'>muneri</span> <span class='ocrx_word' id='word_1_37' title='bbox 863 1229 982 1300; x_wconf 84' lang='lat' dir='ltr'>iuliani</span> <span class='ocrx_word' id='word_1_38' title='bbox 1012 1228 1147 1318; x_wconf 85' lang='lat' dir='ltr'>patrui,</span> <span class='ocrx_word' id='word_1_39' title='bbox 1175 1225 1230 1295; x_wconf 89' lang='lat' dir='ltr'>cui</span> <span class='ocrx_word' id='word_1_40' title='bbox 1253 1221 1440 1299; x_wconf 76' lang='lat' dir='ltr'>florentini</span> <span class='ocrx_word' id='word_1_41' title='bbox 1466 1223 1638 1311; x_wconf 85' lang='lat' dir='ltr'>copiarum</span> 
     </span>
    </p>
   </div>
   <div class='ocr_carea' id='block_1_4' title="bbox 198 1343 1636 1439">
    <p class='ocr_par' dir='ltr' id='par_1_4' title="bbox 198 1343 1636 1439">
     <span class='ocr_line' id='line_1_6' title="bbox 198 1343 1636 1439; baseline -0.006 -18"><span class='ocrx_word' id='word_1_42' title='bbox 198 1385 224 1436; x_wconf 31' lang='lat'>¹-</span> <span class='ocrx_word' id='word_1_43' title='bbox 297 1373 435 1422; x_wconf 89' lang='lat' dir='ltr'>suarum</span> <span class='ocrx_word' id='word_1_44' title='bbox 459 1352 632 1439; x_wconf 87' lang='lat' dir='ltr'>imperinm</span> <span class='ocrx_word' id='word_1_45' title='bbox 657 1351 846 1436; x_wconf 86' lang='lat' dir='ltr'>dederant,</span> <span class='ocrx_word' id='word_1_46' title='bbox 873 1367 1117 1434; x_wconf 84' lang='lat' dir='ltr'>recusaverat,</span> <span class='ocrx_word' id='word_1_47' title='bbox 1142 1346 1269 1428; x_wconf 87' lang='lat' dir='ltr'>idcirco</span> <span class='ocrx_word' id='word_1_48' title='bbox 1295 1343 1375 1435; x_wconf 86' lang='lat' dir='ltr'>quia</span> <span class='ocrx_word' id='word_1_49' title='bbox 1400 1361 1532 1414; x_wconf 86' lang='lat' dir='ltr'>secreto</span> <span class='ocrx_word' id='word_1_50' title='bbox 1559 1363 1636 1414; x_wconf 88' lang='lat' dir='ltr'>cum</span> 
     </span>
    </p>
   </div>
   <div class='ocr_carea' id='block_1_5' title="bbox 266 1465 1761 3956">
    <p class='ocr_par' dir='ltr' id='par_1_5' title="bbox 266 1465 1761 3956">
     <span class='ocr_line' id='line_1_7' title="bbox 297 1465 1638 1568; baseline -0.004 -28"><span class='ocrx_word' id='word_1_51' title='bbox 297 1470 410 1540; x_wconf 86' lang='lat' dir='ltr'>Gallis</span> <span class='ocrx_word' id='word_1_52' title='bbox 429 1473 628 1542; x_wconf 86' lang='lat' dir='ltr'>societatem</span> <span class='ocrx_word' id='word_1_53' title='bbox 660 1475 830 1542; x_wconf 88' lang='lat' dir='ltr'>coiverat.</span> <span class='ocrx_word' id='word_1_54' title='bbox 860 1465 1016 1540; x_wconf 78' lang='lat' dir='ltr'>Pontifex</span> <span class='ocrx_word' id='word_1_55' title='bbox 1051 1489 1261 1568; x_wconf 78' lang='lat' dir='ltr'>numeratam</span> <span class='ocrx_word' id='word_1_56' title='bbox 1294 1465 1430 1536; x_wconf 75' lang='lat' dir='ltr'>Caesari</span> <span class='ocrx_word' id='word_1_57' title='bbox 1463 1465 1638 1553; x_wconf 87' lang='lat' dir='ltr'>pecuniam</span> 
     </span>
     <span class='ocr_line' id='line_1_8' title="bbox 297 1585 1639 1682; baseline -0.014 -18"><span class='ocrx_word' id='word_1_58' title='bbox 297 1592 450 1664; x_wconf 86' lang='lat' dir='ltr'>Mutinae</span> <span class='ocrx_word' id='word_1_59' title='bbox 474 1613 620 1672; x_wconf 84' lang='lat' dir='ltr'>caussa,</span> <span class='ocrx_word' id='word_1_60' title='bbox 638 1589 861 1682; x_wconf 77' lang='lat' dir='ltr'>factosquein</span> <span class='ocrx_word' id='word_1_61' title='bbox 886 1613 959 1662; x_wconf 88' lang='lat' dir='ltr'>eam</span> <span class='ocrx_word' id='word_1_62' title='bbox 982 1607 1137 1677; x_wconf 87' lang='lat' dir='ltr'>sumptus</span> <span class='ocrx_word' id='word_1_63' title='bbox 1156 1604 1356 1669; x_wconf 80' lang='lat' dir='ltr'>ostentans,</span> <span class='ocrx_word' id='word_1_64' title='bbox 1371 1585 1485 1653; x_wconf 84' lang='lat' dir='ltr'>urbem</span> <span class='ocrx_word' id='word_1_65' title='bbox 1511 1605 1547 1651; x_wconf 85' lang='lat' dir='ltr'>se</span> <span class='ocrx_word' id='word_1_66' title='bbox 1571 1603 1639 1676; x_wconf 79' lang='lat' dir='ltr'>nnn</span> 
     </span>
     <span class='ocr_line' id='line_1_9' title="bbox 297 1706 1641 1800; baseline -0.007 -20"><span class='ocrx_word' id='word_1_67' title='bbox 297 1709 509 1782; x_wconf 84' lang='lat' dir='ltr'>redditurum</span> <span class='ocrx_word' id='word_1_68' title='bbox 534 1712 729 1796; x_wconf 86' lang='lat' dir='ltr'>affirmavit,</span> <span class='ocrx_word' id='word_1_69' title='bbox 758 1711 822 1782; x_wconf 89' lang='lat' dir='ltr'>nisi</span> <span class='ocrx_word' id='word_1_70' title='bbox 846 1707 998 1780; x_wconf 88' lang='lat' dir='ltr'>solutum</span> <span class='ocrx_word' id='word_1_71' title='bbox 1022 1721 1276 1800; x_wconf 79' lang='lat' dir='ltr'>recuperasset3</span> <span class='ocrx_word' id='word_1_72' title='bbox 1300 1706 1348 1774; x_wconf 87' lang='lat' dir='ltr'>sic</span> <span class='ocrx_word' id='word_1_73' title='bbox 1373 1727 1457 1776; x_wconf 82' lang='lat' dir='ltr'>vero</span> <span class='ocrx_word' id='word_1_74' title='bbox 1491 1706 1641 1792; x_wconf 85' lang='lat' dir='ltr'>increpa·</span> 
     </span>
     <span class='ocr_line' id='line_1_10' title="bbox 291 1825 1640 1920; baseline -0.006 -19"><span class='ocrx_word' id='word_1_75' title='bbox 291 1829 353 1902; x_wconf 68' lang='lat' dir='ltr'>nit</span> <span class='ocrx_word' id='word_1_76' title='bbox 377 1828 607 1901; x_wconf 84' lang='lat' dir='ltr'>infidelitatem</span> <span class='ocrx_word' id='word_1_77' title='bbox 638 1831 832 1914; x_wconf 88' lang='lat' dir='ltr'>Urbinatis,</span> <span class='ocrx_word' id='word_1_78' title='bbox 858 1847 961 1898; x_wconf 89' lang='lat' dir='ltr'>utne</span> <span class='ocrx_word' id='word_1_79' title='bbox 992 1829 1084 1920; x_wconf 89' lang='lat' dir='ltr'>quod</span> <span class='ocrx_word' id='word_1_80' title='bbox 1121 1829 1371 1918; x_wconf 89' lang='lat' dir='ltr'>perniciosum,</span> <span class='ocrx_word' id='word_1_81' title='bbox 1398 1841 1498 1918; x_wconf 86' lang='lat' dir='ltr'>atque</span> <span class='ocrx_word' id='word_1_82' title='bbox 1532 1825 1640 1912; x_wconf 86' lang='lat' dir='ltr'>impe·</span> 
     </span>
     <span class='ocr_line' id='line_1_11' title="bbox 301 1942 1639 2040; baseline -0.001 -24"><span class='ocrx_word' id='word_1_83' title='bbox 301 1949 452 2033; x_wconf 80' lang='lat' dir='ltr'>rantibus</span> <span class='ocrx_word' id='word_1_84' title='bbox 474 1951 619 2020; x_wconf 82' lang='lat' dir='ltr'>maxime</span> <span class='ocrx_word' id='word_1_85' title='bbox 648 1948 950 2040; x_wconf 85' lang='lat' dir='ltr'>fataleexemplum</span> <span class='ocrx_word' id='word_1_86' title='bbox 967 1948 1193 2038; x_wconf 89' lang='lat' dir='ltr'>proderetur,</span> <span class='ocrx_word' id='word_1_87' title='bbox 1211 1945 1302 2017; x_wconf 89' lang='lat' dir='ltr'>hand</span> <span class='ocrx_word' id='word_1_88' title='bbox 1327 1942 1375 2014; x_wconf 91' lang='lat' dir='ltr'>illi</span> <span class='ocrx_word' id='word_1_89' title='bbox 1396 1945 1639 2035; x_wconf 87' lang='lat' dir='ltr'>ignoscendum</span> 
     </span>
     <span class='ocr_line' id='line_1_12' title="bbox 301 2066 1644 2159; baseline 0 -22"><span class='ocrx_word' id='word_1_90' title='bbox 301 2091 377 2138; x_wconf 83' lang='lat' dir='ltr'>esse</span> <span class='ocrx_word' id='word_1_91' title='bbox 400 2069 613 2159; x_wconf 87' lang='lat' dir='ltr'>probaverit.</span> <span class='ocrx_word' id='word_1_92' title='bbox 638 2069 784 2141; x_wconf 81' lang='lat' dir='ltr'>Facilem</span> <span class='ocrx_word' id='word_1_93' title='bbox 810 2071 910 2140; x_wconf 88' lang='lat' dir='ltr'>ineo</span> <span class='ocrx_word' id='word_1_94' title='bbox 941 2091 978 2138; x_wconf 91' lang='lat' dir='ltr'>se</span> <span class='ocrx_word' id='word_1_95' title='bbox 1002 2067 1176 2157; x_wconf 90' lang='lat' dir='ltr'>praebuit,</span> <span class='ocrx_word' id='word_1_96' title='bbox 1206 2069 1299 2159; x_wconf 90' lang='lat' dir='ltr'>qnod</span> <span class='ocrx_word' id='word_1_97' title='bbox 1322 2066 1492 2155; x_wconf 69' lang='lat' dir='ltr'>spectabat</span> <span class='ocrx_word' id='word_1_98' title='bbox 1517 2068 1560 2138; x_wconf 88' lang='lat' dir='ltr'>ad</span> <span class='ocrx_word' id='word_1_99' title='bbox 1590 2088 1644 2137; x_wconf 84' lang='lat' dir='ltr'>sa-</span> 
     </span>
     <span class='ocr_line' id='line_1_13' title="bbox 302 2185 1643 2280; baseline 0.002 -27"><span class='ocrx_word' id='word_1_100' title='bbox 302 2186 534 2257; x_wconf 89' lang='lat' dir='ltr'>cerdotiorum</span> <span class='ocrx_word' id='word_1_101' title='bbox 559 2189 723 2280; x_wconf 75' lang='lat' dir='ltr'>majorum</span> <span class='ocrx_word' id='word_1_102' title='bbox 749 2189 1034 2278; x_wconf 84' lang='lat' dir='ltr'>nominationem,</span> <span class='ocrx_word' id='word_1_103' title='bbox 1062 2209 1163 2278; x_wconf 86' lang='lat' dir='ltr'>quant</span> <span class='ocrx_word' id='word_1_104' title='bbox 1189 2210 1209 2256; x_wconf 94' lang='lat' dir='ltr'>a</span> <span class='ocrx_word' id='word_1_105' title='bbox 1233 2185 1392 2278; x_wconf 80' lang='lat' dir='ltr'>collegiis</span> <span class='ocrx_word' id='word_1_106' title='bbox 1419 2187 1643 2276; x_wconf 81' lang='lat' dir='ltr'>&amp;Capitulis</span> 
     </span>
     <span class='ocr_line' id='line_1_14' title="bbox 304 2305 1645 2402; baseline 0.001 -25"><span class='ocrx_word' id='word_1_107' title='bbox 304 2308 338 2384; x_wconf 91' lang='lat' dir='ltr'>in</span> <span class='ocrx_word' id='word_1_108' title='bbox 362 2311 486 2399; x_wconf 82' lang='lat' dir='ltr'>Regem</span> <span class='ocrx_word' id='word_1_109' title='bbox 510 2310 620 2399; x_wconf 83' lang='lat' dir='ltr'>ipsum</span> <span class='ocrx_word' id='word_1_110' title='bbox 643 2307 845 2389; x_wconf 84' lang='lat' dir='ltr'>transtulit,</span> <span class='ocrx_word' id='word_1_111' title='bbox 870 2311 926 2378; x_wconf 91' lang='lat' dir='ltr'>cui</span> <span class='ocrx_word' id='word_1_112' title='bbox 962 2311 995 2375; x_wconf 76' lang='grc' dir='ltr'>δι</span> <span class='ocrx_word' id='word_1_113' title='bbox 1019 2310 1070 2402; x_wconf 83' lang='lat' dir='ltr'>jus</span> <span class='ocrx_word' id='word_1_114' title='bbox 1110 2308 1280 2377; x_wconf 85' lang='lat' dir='ltr'>concessit</span> <span class='ocrx_word' id='word_1_115' title='bbox 1317 2305 1478 2378; x_wconf 88' lang='lat' dir='ltr'>decimam</span> <span class='ocrx_word' id='word_1_116' title='bbox 1514 2327 1645 2397; x_wconf 84' lang='lat' dir='ltr'>partem</span> 
     </span>
     <span class='ocr_line' id='line_1_15' title="bbox 304 2420 1647 2522; baseline 0.004 -30"><span class='ocrx_word' id='word_1_117' title='bbox 304 2423 475 2498; x_wconf 73' lang='lat' dir='ltr'>frudluuro</span> <span class='ocrx_word' id='word_1_118' title='bbox 507 2429 701 2522; x_wconf 88' lang='lat' dir='ltr'>hujusmodi</span> <span class='ocrx_word' id='word_1_119' title='bbox 734 2427 1001 2501; x_wconf 84' lang='lat' dir='ltr'>sacerdotiorum</span> <span class='ocrx_word' id='word_1_120' title='bbox 1027 2451 1086 2516; x_wconf 90' lang='lat' dir='ltr'>per</span> <span class='ocrx_word' id='word_1_121' title='bbox 1121 2451 1247 2498; x_wconf 89' lang='lat' dir='ltr'>aunum</span> <span class='ocrx_word' id='word_1_122' title='bbox 1281 2425 1434 2516; x_wconf 84' lang='lat' dir='ltr'>exigendi</span> <span class='ocrx_word' id='word_1_123' title='bbox 1459 2420 1570 2513; x_wconf 80' lang='lat'>(43).</span> <span class='ocrx_word' id='word_1_124' title='bbox 1608 2427 1647 2505; x_wconf 92' lang='lat' dir='ltr'>ln</span> 
     </span>
     <span class='ocr_line' id='line_1_16' title="bbox 266 2534 1648 2642; baseline -0.002 -27"><span class='ocrx_word' id='word_1_125' title='bbox 266 2579 270 2586; x_wconf 93' lang='lat'>·</span> <span class='ocrx_word' id='word_1_126' title='bbox 303 2563 347 2615; x_wconf 85' lang='lat' dir='ltr'>eo</span> <span class='ocrx_word' id='word_1_127' title='bbox 373 2569 455 2616; x_wconf 86' lang='lat' dir='ltr'>vero</span> <span class='ocrx_word' id='word_1_128' title='bbox 480 2547 655 2640; x_wconf 87' lang='lat' dir='ltr'>negotium</span> <span class='ocrx_word' id='word_1_129' title='bbox 680 2571 780 2618; x_wconf 89' lang='lat' dir='ltr'>suum</span> <span class='ocrx_word' id='word_1_130' title='bbox 805 2571 903 2640; x_wconf 81' lang='lat' dir='ltr'>agere</span> <span class='ocrx_word' id='word_1_131' title='bbox 927 2547 1060 2642; x_wconf 87' lang='lat' dir='ltr'>putavit</span> <span class='ocrx_word' id='word_1_132' title='bbox 1080 2599 1090 2628; x_wconf 83' lang='lat'>,</span> <span class='ocrx_word' id='word_1_133' title='bbox 1113 2544 1205 2638; x_wconf 91' lang='lat' dir='ltr'>quod</span> <span class='ocrx_word' id='word_1_134' title='bbox 1231 2567 1252 2614; x_wconf 87' lang='lat' dir='ltr'>a</span> <span class='ocrx_word' id='word_1_135' title='bbox 1275 2545 1366 2638; x_wconf 84' lang='lat' dir='ltr'>Rege</span> <span class='ocrx_word' id='word_1_136' title='bbox 1389 2534 1591 2629; x_wconf 89' lang='lat' dir='ltr'>obtinuerit,</span> <span class='ocrx_word' id='word_1_137' title='bbox 1607 2561 1648 2634; x_wconf 76' lang='lat' dir='ltr'>ut</span> 
     </span>
     <span class='ocr_line' id='line_1_17' title="bbox 307 2664 1648 2756; baseline 0 -22"><span class='ocrx_word' id='word_1_138' title='bbox 307 2685 399 2738; x_wconf 84' lang='lat' dir='ltr'>nova</span> <span class='ocrx_word' id='word_1_139' title='bbox 431 2665 526 2756; x_wconf 83' lang='lat' dir='ltr'>fieret</span> <span class='ocrx_word' id='word_1_140' title='bbox 552 2667 744 2739; x_wconf 85' lang='lat' dir='ltr'>aestimatio</span> <span class='ocrx_word' id='word_1_141' title='bbox 775 2667 944 2740; x_wconf 74' lang='lat' dir='ltr'>frudluurn</span> <span class='ocrx_word' id='word_1_142' title='bbox 974 2664 1242 2744; x_wconf 81' lang='lat' dir='ltr'>sacerdotiorum</span> <span class='ocrx_word' id='word_1_143' title='bbox 1276 2664 1319 2734; x_wconf 91' lang='lat' dir='ltr'>ad</span> <span class='ocrx_word' id='word_1_144' title='bbox 1357 2685 1507 2734; x_wconf 87' lang='lat' dir='ltr'>annuum</span> <span class='ocrx_word' id='word_1_145' title='bbox 1541 2685 1648 2752; x_wconf 83' lang='lat' dir='ltr'>prae-</span> 
     </span>
     <span class='ocr_line' id='line_1_18' title="bbox 305 2782 1647 2877; baseline -0.003 -19"><span class='ocrx_word' id='word_1_146' title='bbox 305 2784 452 2858; x_wconf 73' lang='lat' dir='ltr'>bendum</span> <span class='ocrx_word' id='word_1_147' title='bbox 477 2785 656 2868; x_wconf 86' lang='lat' dir='ltr'>Pontifici,</span> <span class='ocrx_word' id='word_1_148' title='bbox 676 2785 812 2877; x_wconf 88' lang='lat' dir='ltr'>quando</span> <span class='ocrx_word' id='word_1_149' title='bbox 836 2787 1034 2869; x_wconf 80' lang='lat' dir='ltr'>vacabant3</span> <span class='ocrx_word' id='word_1_150' title='bbox 1057 2807 1135 2854; x_wconf 89' lang='lat' dir='ltr'>uam</span> <span class='ocrx_word' id='word_1_151' title='bbox 1160 2783 1188 2851; x_wconf 92' lang='lat' dir='ltr'>si</span> <span class='ocrx_word' id='word_1_152' title='bbox 1211 2782 1362 2852; x_wconf 85' lang='lat' dir='ltr'>stetisset</span> <span class='ocrx_word' id='word_1_153' title='bbox 1388 2785 1549 2876; x_wconf 87' lang='lat' dir='ltr'>antiqua,</span> <span class='ocrx_word' id='word_1_154' title='bbox 1574 2805 1647 2855; x_wconf 91' lang='lat' dir='ltr'>non</span> 
     </span>
     <span class='ocr_line' id='line_1_19' title="bbox 304 2895 1646 2998; baseline -0.002 -22"><span class='ocrx_word' id='word_1_155' title='bbox 304 2902 451 2976; x_wconf 80' lang='lat' dir='ltr'>multum</span> <span class='ocrx_word' id='word_1_156' title='bbox 476 2904 554 2974; x_wconf 91' lang='lat' dir='ltr'>inde</span> <span class='ocrx_word' id='word_1_157' title='bbox 574 2895 792 2976; x_wconf 71' lang='lat' dir='ltr'>emolumenti</span> <span class='ocrx_word' id='word_1_158' title='bbox 817 2905 1018 2993; x_wconf 84' lang='lat' dir='ltr'>accepisset:</span> <span class='ocrx_word' id='word_1_159' title='bbox 1044 2903 1104 2973; x_wconf 90' lang='lat' dir='ltr'>sed</span> <span class='ocrx_word' id='word_1_160' title='bbox 1124 2900 1223 2972; x_wconf 84' lang='lat' dir='ltr'>facile</span> <span class='ocrx_word' id='word_1_161' title='bbox 1240 2899 1305 2972; x_wconf 86' lang='lat' dir='ltr'>fuit</span> <span class='ocrx_word' id='word_1_162' title='bbox 1329 2903 1540 2998; x_wconf 11' lang='lat' dir='ltr'>iis,vquibus</span> <span class='ocrx_word' id='word_1_163' title='bbox 1559 2903 1646 2975; x_wconf 86' lang='lat' dir='ltr'>haee</span> 
     </span>
     <span class='ocr_line' id='line_1_20' title="bbox 299 3017 1648 3110; baseline -0.003 -14"><span class='ocrx_word' id='word_1_164' title='bbox 299 3047 360 3096; x_wconf 89' lang='lat' dir='ltr'>-res</span> <span class='ocrx_word' id='word_1_165' title='bbox 385 3025 546 3096; x_wconf 88' lang='lat' dir='ltr'>mandata</span> <span class='ocrx_word' id='word_1_166' title='bbox 562 3041 614 3096; x_wconf 93' lang='lat' dir='ltr'>est</span> <span class='ocrx_word' id='word_1_167' title='bbox 631 3077 641 3110; x_wconf 94' lang='lat'>,</span> <span class='ocrx_word' id='word_1_168' title='bbox 656 3025 769 3096; x_wconf 90' lang='lat' dir='ltr'>datam</span> <span class='ocrx_word' id='word_1_169' title='bbox 793 3023 891 3096; x_wconf 85' lang='lat' dir='ltr'>fidem</span> <span class='ocrx_word' id='word_1_170' title='bbox 914 3022 1051 3094; x_wconf 82' lang='lat' dir='ltr'>fallere.</span> <span class='ocrx_word' id='word_1_171' title='bbox 1076 3017 1170 3095; x_wconf 81' lang='lat' dir='ltr'>llaec</span> <span class='ocrx_word' id='word_1_172' title='bbox 1200 3047 1277 3094; x_wconf 91' lang='lat' dir='ltr'>curn</span> <span class='ocrx_word' id='word_1_173' title='bbox 1293 3043 1465 3095; x_wconf 81' lang='lat' dir='ltr'>conventa</span> <span class='ocrx_word' id='word_1_174' title='bbox 1481 3021 1648 3110; x_wconf 84' lang='lat' dir='ltr'>fuissent,</span> 
     </span>
     <span class='ocr_line' id='line_1_21' title="bbox 306 3142 1646 3247; baseline -0.001 -30"><span class='ocrx_word' id='word_1_175' title='bbox 306 3167 429 3235; x_wconf 84' lang='lat' dir='ltr'>magna</span> <span class='ocrx_word' id='word_1_176' title='bbox 452 3166 513 3235; x_wconf 90' lang='lat' dir='ltr'>spe</span> <span class='ocrx_word' id='word_1_177' title='bbox 537 3150 572 3216; x_wconf 75' lang='lat' dir='ltr'>dt</span> <span class='ocrx_word' id='word_1_178' title='bbox 596 3142 724 3216; x_wconf 89' lang='lat' dir='ltr'>laetitia</span> <span class='ocrx_word' id='word_1_179' title='bbox 749 3145 898 3216; x_wconf 88' lang='lat' dir='ltr'>omnium</span> <span class='ocrx_word' id='word_1_180' title='bbox 923 3143 1107 3236; x_wconf 74' lang='lat' dir='ltr'>discessum</span> <span class='ocrx_word' id='word_1_181' title='bbox 1129 3164 1181 3216; x_wconf 85' lang='lat' dir='ltr'>est</span> <span class='ocrx_word' id='word_1_182' title='bbox 1205 3143 1293 3236; x_wconf 87' lang='lat'>(44)</span> <span class='ocrx_word' id='word_1_183' title='bbox 1308 3173 1321 3216; x_wconf 92' lang='lat'>.·</span> <span class='ocrx_word' id='word_1_184' title='bbox 1343 3147 1416 3217; x_wconf 82' lang='lat' dir='ltr'>Rex</span> <span class='ocrx_word' id='word_1_185' title='bbox 1440 3145 1532 3216; x_wconf 88' lang='lat' dir='ltr'>enim</span> <span class='ocrx_word' id='word_1_186' title='bbox 1567 3148 1646 3247; x_wconf 56' lang='lat' dir='ltr'>Meg·</span> 
     </span>
     <span class='ocr_line' id='line_1_22' title="bbox 301 3263 1647 3358; baseline 0 -22"><span class='ocrx_word' id='word_1_187' title='bbox 301 3264 505 3354; x_wconf 76' lang='lat' dir='ltr'>¹cliolanum,</span> <span class='ocrx_word' id='word_1_188' title='bbox 529 3289 639 3357; x_wconf 89' lang='lat' dir='ltr'>neque</span> <span class='ocrx_word' id='word_1_189' title='bbox 664 3263 772 3337; x_wconf 89' lang='lat' dir='ltr'>multo</span> <span class='ocrx_word' id='word_1_190' title='bbox 798 3285 876 3358; x_wconf 90' lang='lat' dir='ltr'>post</span> <span class='ocrx_word' id='word_1_191' title='bbox 900 3264 935 3336; x_wconf 93' lang='lat' dir='ltr'>in</span> <span class='ocrx_word' id='word_1_192' title='bbox 960 3264 1132 3349; x_wconf 87' lang='lat' dir='ltr'>Galliam,</span> <span class='ocrx_word' id='word_1_193' title='bbox 1157 3287 1269 3337; x_wconf 88' lang='lat' dir='ltr'>motus</span> <span class='ocrx_word' id='word_1_194' title='bbox 1307 3285 1520 3358; x_wconf 85' lang='lat' dir='ltr'>conatusque</span> <span class='ocrx_word' id='word_1_195' title='bbox 1553 3269 1647 3336; x_wconf 86' lang='lat' dir='ltr'>Cae·</span> 
     </span>
     <span class='ocr_line' id='line_1_23' title="bbox 309 3383 1649 3477; baseline -0.001 -22"><span class='ocrx_word' id='word_1_196' title='bbox 309 3386 415 3473; x_wconf 83' lang='lat' dir='ltr'>saris,</span> <span class='ocrx_word' id='word_1_197' title='bbox 441 3391 476 3460; x_wconf 82' lang='lat'>&amp;</span> <span class='ocrx_word' id='word_1_198' title='bbox 502 3385 686 3476; x_wconf 86' lang='lat' dir='ltr'>Hispaniae</span> <span class='ocrx_word' id='word_1_199' title='bbox 710 3383 976 3475; x_wconf 87' lang='lat' dir='ltr'>Britanniaeque</span> <span class='ocrx_word' id='word_1_200' title='bbox 995 3387 1125 3477; x_wconf 79' lang='lat' dir='ltr'>Regum</span> <span class='ocrx_word' id='word_1_201' title='bbox 1146 3388 1286 3473; x_wconf 88' lang='lat' dir='ltr'>timens,</span> <span class='ocrx_word' id='word_1_202' title='bbox 1312 3389 1381 3459; x_wconf 90' lang='lat' dir='ltr'>Leo</span> <span class='ocrx_word' id='word_1_203' title='bbox 1406 3409 1488 3458; x_wconf 87' lang='lat' dir='ltr'>vero</span> <span class='ocrx_word' id='word_1_204' title='bbox 1509 3384 1649 3457; x_wconf 84' lang='lat' dir='ltr'>Floren-</span> 
     </span>
     <span class='ocr_line' id='line_1_24' title="bbox 311 3503 1652 3601; baseline 0.002 -24"><span class='ocrx_word' id='word_1_205' title='bbox 311 3507 393 3577; x_wconf 86' lang='lat' dir='ltr'>tiam</span> <span class='ocrx_word' id='word_1_206' title='bbox 417 3524 470 3576; x_wconf 90' lang='lat' dir='ltr'>est</span> <span class='ocrx_word' id='word_1_207' title='bbox 494 3527 669 3578; x_wconf 62' lang='lat' dir='ltr'>retrorsus.</span> <span class='ocrx_word' id='word_1_208' title='bbox 700 3506 779 3577; x_wconf 86' lang='lat' dir='ltr'>Fuit</span> <span class='ocrx_word' id='word_1_209' title='bbox 804 3505 861 3576; x_wconf 91' lang='lat' dir='ltr'>hic</span> <span class='ocrx_word' id='word_1_210' title='bbox 889 3505 930 3576; x_wconf 88' lang='lat' dir='ltr'>ab</span> <span class='ocrx_word' id='word_1_211' title='bbox 955 3523 1007 3578; x_wconf 64' lang='grc' dir='ltr'>ιω.</span> <span class='ocrx_word' id='word_1_212' title='bbox 1031 3503 1106 3574; x_wconf 83' lang='lat' dir='ltr'>Kal.</span> <span class='ocrx_word' id='word_1_213' title='bbox 1131 3505 1279 3579; x_wconf 85' lang='lat' dir='ltr'>Ianuarii</span> <span class='ocrx_word' id='word_1_214' title='bbox 1304 3507 1346 3577; x_wconf 91' lang='lat' dir='ltr'>ad</span> <span class='ocrx_word' id='word_1_215' title='bbox 1371 3525 1424 3580; x_wconf 84' lang='lat' dir='ltr'>xJ.</span> <span class='ocrx_word' id='word_1_216' title='bbox 1449 3529 1556 3601; x_wconf 79' lang='lat' dir='ltr'>usque</span> <span class='ocrx_word' id='word_1_217' title='bbox 1576 3505 1652 3580; x_wconf 78' lang='lat' dir='ltr'>Kal.</span> 
     </span>
     <span class='ocr_line' id='line_1_25' title="bbox 311 3602 1650 3719; baseline 0.002 -25"><span class='ocrx_word' id='word_1_218' title='bbox 311 3602 454 3697; x_wconf 37' lang='lat' dir='ltr'>Martii‘.</span> <span class='ocrx_word' id='word_1_219' title='bbox 481 3630 730 3698; x_wconf 89' lang='lat' dir='ltr'>Commutatam</span> <span class='ocrx_word' id='word_1_220' title='bbox 756 3647 833 3698; x_wconf 89' lang='lat' dir='ltr'>esse</span> <span class='ocrx_word' id='word_1_221' title='bbox 856 3645 1026 3696; x_wconf 88' lang='lat' dir='ltr'>annonam</span> <span class='ocrx_word' id='word_1_222' title='bbox 1049 3625 1159 3716; x_wconf 88' lang='lat' dir='ltr'>questi</span> <span class='ocrx_word' id='word_1_223' title='bbox 1198 3645 1281 3695; x_wconf 88' lang='lat' dir='ltr'>sunt</span> <span class='ocrx_word' id='word_1_224' title='bbox 1309 3605 1529 3711; x_wconf 85' lang='lat' dir='ltr'>Florentiui,</span> <span class='ocrx_word' id='word_1_225' title='bbox 1561 3645 1650 3719; x_wconf 82' lang='lat' dir='ltr'>quae</span> 
     </span>
     <span class='ocr_line' id='line_1_26' title="bbox 311 3743 1653 3839; baseline 0 -25"><span class='ocrx_word' id='word_1_226' title='bbox 311 3745 392 3836; x_wconf 86' lang='lat' dir='ltr'>quia</span> <span class='ocrx_word' id='word_1_227' title='bbox 416 3745 452 3814; x_wconf 90' lang='lat' dir='ltr'>in</span> <span class='ocrx_word' id='word_1_228' title='bbox 475 3744 651 3816; x_wconf 72' lang='lat' dir='ltr'>pontilicis</span> <span class='ocrx_word' id='word_1_229' title='bbox 676 3743 788 3816; x_wconf 85' lang='lat' dir='ltr'>reditu</span> <span class='ocrx_word' id='word_1_230' title='bbox 812 3743 899 3815; x_wconf 73' lang='lat' dir='ltr'>facia</span> <span class='ocrx_word' id='word_1_231' title='bbox 922 3761 996 3814; x_wconf 88' lang='lat' dir='ltr'>erat</span> <span class='ocrx_word' id='word_1_232' title='bbox 1029 3745 1168 3828; x_wconf 86' lang='lat' dir='ltr'>durior,</span> <span class='ocrx_word' id='word_1_233' title='bbox 1194 3747 1235 3816; x_wconf 87' lang='lat' dir='ltr'>ab</span> <span class='ocrx_word' id='word_1_234' title='bbox 1260 3745 1348 3828; x_wconf 88' lang='lat' dir='ltr'>illo,·</span> <span class='ocrx_word' id='word_1_235' title='bbox 1367 3746 1465 3839; x_wconf 81' lang='lat' dir='ltr'>cujus</span> <span class='ocrx_word' id='word_1_236' title='bbox 1501 3746 1653 3817; x_wconf 79' lang='lat' dir='ltr'>adventu</span> 
     </span>
     <span class='ocr_line' id='line_1_27' title="bbox 311 3855 1761 3956; baseline 0 -24"><span class='ocrx_word' id='word_1_237' title='bbox 311 3859 387 3933; x_wconf 80' lang='lat' dir='ltr'>sore</span> <span class='ocrx_word' id='word_1_238' title='bbox 415 3861 582 3935; x_wconf 89' lang='lat' dir='ltr'>vilitatem</span> <span class='ocrx_word' id='word_1_239' title='bbox 607 3861 755 3954; x_wconf 90' lang='lat' dir='ltr'>populus</span> <span class='ocrx_word' id='word_1_240' title='bbox 784 3862 979 3948; x_wconf 79' lang='lat' dir='ltr'>dictitabat,</span> <span class='ocrx_word' id='word_1_241' title='bbox 1003 3859 1239 3956; x_wconf 79' lang='lat' dir='ltr'>flagitabatur.</span> <span class='ocrx_word' id='word_1_242' title='bbox 1264 3866 1495 3954; x_wconf 81' lang='lat' dir='ltr'>Propositum¹</span> <span class='ocrx_word' id='word_1_243' title='bbox 1516 3863 1655 3956; x_wconf 80' lang='lat' dir='ltr'>quidem</span> <span class='ocrx_word' id='word_1_244' title='bbox 1759 3855 1761 3861; x_wconf 71' lang='grc'><strong>’</strong></span> 
     </span>
    </p>
   </div>
   <div class='ocr_carea' id='block_1_6' title="bbox 311 3981 1861 4076">
    <p class='ocr_par' dir='ltr' id='par_1_6' title="bbox 311 3981 1861 4076">
     <span class='ocr_line' id='line_1_28' title="bbox 311 3981 1861 4076; baseline 0.001 -26"><span class='ocrx_word' id='word_1_245' title='bbox 311 4001 386 4060; x_wconf 82' lang='lat' dir='ltr'>arat</span> <span class='ocrx_word' id='word_1_246' title='bbox 411 3983 568 4054; x_wconf 87' lang='lat' dir='ltr'>Pontifici</span> <span class='ocrx_word' id='word_1_247' title='bbox 592 3981 686 4054; x_wconf 90' lang='lat' dir='ltr'>omni</span> <span class='ocrx_word' id='word_1_248' title='bbox 711 3983 845 4066; x_wconf 87' lang='lat' dir='ltr'>rarione</span> <span class='ocrx_word' id='word_1_249' title='bbox 870 3982 1004 4076; x_wconf 84' lang='lat' dir='ltr'>allicere</span> <span class='ocrx_word' id='word_1_250' title='bbox 1028 3981 1464 4056; x_wconf 82' lang='lat' dir='ltr'>benevolentiam&#39;suorum</span> <span class='ocrx_word' id='word_1_251' title='bbox 1490 3983 1653 4068; x_wconf 78' lang='lat' dir='ltr'>civium,</span> <span class='ocrx_word' id='word_1_252' title='bbox 1753 3999 1770 4048; x_wconf 74' lang='lat' dir='ltr'><em>f</em></span> <span class='ocrx_word' id='word_1_253' title='bbox 1859 4017 1861 4024; x_wconf 83' lang='lat'><em>.</em></span> 
     </span>
    </p>
   </div>
   <div class='ocr_carea' id='block_1_7' title="bbox 312 4089 1658 4554">
    <p class='ocr_par' dir='ltr' id='par_1_7' title="bbox 312 4089 1658 4554">
     <span class='ocr_line' id='line_1_29' title="bbox 312 4089 1655 4194; baseline -0.002 -22"><span class='ocrx_word' id='word_1_254' title='bbox 312 4103 373 4172; x_wconf 86' lang='lat' dir='ltr'>sed</span> <span class='ocrx_word' id='word_1_255' title='bbox 398 4101 525 4173; x_wconf 89' lang='lat' dir='ltr'>multae</span> <span class='ocrx_word' id='word_1_256' title='bbox 549 4089 649 4174; x_wconf 80' lang='lat' dir='ltr'>&#39;eraut</span> <span class='ocrx_word' id='word_1_257' title='bbox 674 4124 816 4176; x_wconf 87' lang='lat' dir='ltr'>caussae</span> <span class='ocrx_word' id='word_1_258' title='bbox 841 4105 1000 4193; x_wconf 88' lang='lat' dir='ltr'>penuriae</span> <span class='ocrx_word' id='word_1_259' title='bbox 1028 4122 1144 4174; x_wconf 87' lang='lat' dir='ltr'>earum</span> <span class='ocrx_word' id='word_1_260' title='bbox 1178 4125 1310 4190; x_wconf 77' lang='lat' dir='ltr'>rerum,</span> <span class='ocrx_word' id='word_1_261' title='bbox 1338 4102 1497 4194; x_wconf 78' lang='lat' dir='ltr'>quaead</span> <span class='ocrx_word' id='word_1_262' title='bbox 1515 4099 1655 4173; x_wconf 58' lang='lat' dir='ltr'>airam</span> 
     </span>
     <span class='ocr_line' id='line_1_30' title="bbox 313 4212 1657 4313; baseline 0 -22"><span class='ocrx_word' id='word_1_263' title='bbox 313 4241 396 4292; x_wconf 90' lang='lat' dir='ltr'>sunt</span> <span class='ocrx_word' id='word_1_264' title='bbox 420 4221 651 4308; x_wconf 86' lang='lat' dir='ltr'>necessariae,</span> <span class='ocrx_word' id='word_1_265' title='bbox 684 4245 787 4313; x_wconf 88' lang='lat' dir='ltr'>quam</span> <span class='ocrx_word' id='word_1_266' title='bbox 810 4223 855 4292; x_wconf 90' lang='lat' dir='ltr'>ob</span> <span class='ocrx_word' id='word_1_267' title='bbox 879 4227 970 4310; x_wconf 84' lang='lat' dir='ltr'>rem,</span> <span class='ocrx_word' id='word_1_268' title='bbox 997 4240 1085 4294; x_wconf 87' lang='lat' dir='ltr'>teste</span> <span class='ocrx_word' id='word_1_269' title='bbox 1108 4223 1276 4310; x_wconf 84' lang='lat' dir='ltr'>Grassio,</span> <span class='ocrx_word' id='word_1_270' title='bbox 1311 4243 1434 4312; x_wconf 75' lang='lat' dir='ltr'>magna</span> <span class='ocrx_word' id='word_1_271' title='bbox 1458 4245 1534 4313; x_wconf 87' lang='lat' dir='ltr'>pars</span> <span class='ocrx_word' id='word_1_272' title='bbox 1558 4212 1657 4292; x_wconf 60' lang='lat' dir='ltr'>Pon}-</span> 
     </span>
     <span class='ocr_line' id='line_1_31' title="bbox 314 4337 1657 4435; baseline 0.001 -23"><span class='ocrx_word' id='word_1_273' title='bbox 314 4339 439 4412; x_wconf 79' lang='lat' dir='ltr'>tificiae</span> <span class='ocrx_word' id='word_1_274' title='bbox 464 4337 563 4412; x_wconf 87' lang='lat' dir='ltr'>aulae</span> <span class='ocrx_word' id='word_1_275' title='bbox 595 4339 639 4435; x_wconf 77' lang='lat' dir='ltr'>ad</span> <span class='ocrx_word' id='word_1_276' title='bbox 673 4339 798 4410; x_wconf 85' lang='lat' dir='ltr'>Urbem</span> <span class='ocrx_word' id='word_1_277' title='bbox 822 4339 933 4413; x_wconf 88' lang='lat' dir='ltr'>redire</span> <span class='ocrx_word' id='word_1_278' title='bbox 951 4342 1153 4414; x_wconf 36' lang='lat' dir='ltr'>*maturavit</span> <span class='ocrx_word' id='word_1_279' title='bbox 1178 4339 1283 4435; x_wconf 79' lang='lat'>(45).</span> <span class='ocrx_word' id='word_1_280' title='bbox 1309 4341 1458 4414; x_wconf 84' lang='lat' dir='ltr'>Plurima</span> <span class='ocrx_word' id='word_1_281' title='bbox 1480 4343 1508 4413; x_wconf 89' lang='lat' dir='ltr'>is</span> <span class='ocrx_word' id='word_1_282' title='bbox 1541 4361 1657 4414; x_wconf 89' lang='lat' dir='ltr'>tamen</span> 
     </span>
     <span class='ocr_line' id='line_1_32' title="bbox 316 4458 1658 4554; baseline 0 -24"><span class='ocrx_word' id='word_1_283' title='bbox 316 4460 460 4551; x_wconf 81' lang='lat' dir='ltr'>vestigia</span> <span class='ocrx_word' id='word_1_284' title='bbox 483 4458 621 4554; x_wconf 84' lang='lat' dir='ltr'>reliquit</span> <span class='ocrx_word' id='word_1_285' title='bbox 645 4481 728 4530; x_wconf 85' lang='lat' dir='ltr'>suae</span> <span class='ocrx_word' id='word_1_286' title='bbox 748 4458 986 4548; x_wconf 82' lang='lat' dir='ltr'>liberalitatis,</span> <span class='ocrx_word' id='word_1_287' title='bbox 1010 4461 1124 4545; x_wconf 80' lang='lat' dir='ltr'>bona,</span> <span class='ocrx_word' id='word_1_288' title='bbox 1147 4460 1326 4548; x_wconf 83' lang='lat' dir='ltr'>fortunas,</span> <span class='ocrx_word' id='word_1_289' title='bbox 1348 4483 1547 4535; x_wconf 86' lang='lat' dir='ltr'>ornamenta</span> <span class='ocrx_word' id='word_1_290' title='bbox 1567 4459 1658 4532; x_wconf 87' lang='lat' dir='ltr'>mul·</span> 
     </span>
    </p>
   </div>
   <div class='ocr_carea' id='block_1_8' title="bbox 318 4577 1656 4772">
    <p class='ocr_par' dir='ltr' id='par_1_8' title="bbox 318 4577 1656 4772">
     <span class='ocr_line' id='line_1_33' title="bbox 318 4577 1656 4696; baseline 0.005 -50"><span class='ocrx_word' id='word_1_291' title='bbox 318 4593 433 4650; x_wconf 88' lang='lat' dir='ltr'>torum</span> <span class='ocrx_word' id='word_1_292' title='bbox 458 4577 583 4674; x_wconf 82' lang='lat' dir='ltr'>auxit,</span> <span class='ocrx_word' id='word_1_293' title='bbox 606 4599 711 4668; x_wconf 69' lang='lat' dir='ltr'>auree</span> <span class='ocrx_word' id='word_1_294' title='bbox 735 4585 816 4696; x_wconf 72' lang='lat' dir='ltr'>etiae</span> <span class='ocrx_word' id='word_1_295' title='bbox 842 4585 876 4662; x_wconf 66' lang='lat' dir='ltr'>dc</span> <span class='ocrx_word' id='word_1_296' title='bbox 901 4578 989 4672; x_wconf 86' lang='lat' dir='ltr'>pileo</span> <span class='ocrx_word' id='word_1_297' title='bbox 1012 4579 1244 4660; x_wconf 82' lang='lat' dir='ltr'>vexilliferum</span> <span class='ocrx_word' id='word_1_298' title='bbox 1279 4582 1447 4674; x_wconf 77' lang='lat' dir='ltr'>donavit,</span> <span class='ocrx_word' id='word_1_299' title='bbox 1482 4581 1656 4678; x_wconf 83' lang='lat' dir='ltr'>lecitque,</span> 
     </span>
     <span class='ocr_line' id='line_1_34' title="bbox 999 4699 1030 4772; baseline 0 0"><span class='ocrx_word' id='word_1_300' title='bbox 999 4699 1030 4772; x_wconf 81' lang='lat' dir='ltr'>ll</span> 
     </span>
    </p>
   </div>
   <div class='ocr_carea' id='block_1_9' title="bbox 0 0 2234 5828">
    <p class='ocr_par' dir='ltr' id='par_1_9' title="bbox 0 0 2234 5828">
     <span class='ocr_line' id='line_1_35' title="bbox 0 0 2234 5828; baseline 0 0"><span class='ocrx_word' id='word_1_301' title='bbox 0 0 2234 5828; x_wconf 95' lang='lat' dir='ltr'> </span> 
     </span>
    </p>
   </div>
  </div>
 </body>
</html>
