4372 5842
676 595 747 664 abo
1069 595 1096 664 t
1143 594 1253 687 EO
1301 595 1332 666 N
1376 589 1399 666 l
1441 593 1465 664 S
1536 595 1579 668 X.

620 705 880 798 Castilioriium,
902 735 1001 808 quem
1025 713 1079 786 vel
1105 716 1146 785 ab
1171 713 1402 786 adolescentia
1424 713 1653 808 singularibus
1690 707 1863 787 beneficiis
1887 705 1956 783 sibi

621 833 876 920 obstrinxerat,
901 839 934 905 a
957 858 1101 924 quocum
1122 834 1318 904 affinitatem
1352 839 1553 926 coniungere
1586 835 1803 925 concupierat
1837 829 1945 923 (94)-

618 955 745 1024 Ertant
759 956 860 1026 'enim
883 955 1021 1026 litterae
1043 955 1165 1024 Leonis
1193 955 1300 1043 ipsius
1326 955 1367 1024 ad
1390 955 1502 1038 illum,
1527 956 1650 1047 quibus
1677 975 1857 1048 postquam
1875 951 1950 1024 lau-

618 1071 716 1143 davit
740 1077 890 1166 egregias
915 1079 946 1142 δι
971 1073 1160 1166 praeclaras
1185 1075 1331 1170 ejusdem
1359 1077 1520 1144 virtues.
1552 1082 1582 1144 8<
1609 1074 1810 1165 singularem
1836 1073 1951 1163 pieta·

621 1214 688 1265 tern
714 1201 747 1280 δι
772 1195 922 1278 cultum,
947 1193 1134 1288 quem'sibi
1158 1197 1249 1266 omni
1276 1218 1424 1282 temptare
1464 1203 1676 1282 prisri‘erat
1708 1258 1714 1276 ‚
1740 1193 1955 1266 confirmavit

621 1309 747 1384 donum
767 1296 788 1395 ,'
802 1315 893 1406 quod
915 1315 946 1384 is
969 1336 1144 1405 acceperat
1169 1317 1209 1385 ab
1235 1320 1441 1386 Urbnrnnn
1472 1321 1565 1384 [tuce
1602 1313 1812 1384 Nubillariae
1833 1312 1953 1386 castel·

621 1431 671 1518 li,
696 1435 790 1526 quod
814 1453 866 1505 est
891 1435 925 1504 in
949 1458 1031 1526 agro
1056 1436 1267 1521 Pisaurensi,
1294 1434 1400 1506 multo
1425 1437 1525 1503 etiam
1553 1434 1710 1526 majora,
1733 1435 1763 1505 si
1786 1458 1823 1505 se
1858 1457 1955 1506 occa·

620 1555 671 1626 sio
696 1556 872 1640 dedisset,
895 1577 932 1624 se
957 1551 1062 1624 eidem
1087 1553 1283 1646 largiturum
1310 1555 1530 1644 promittens.
1556 1557 1592 1624 ln
1618 1552 1674 1624 illo
1695 1554 1956 1644 apparatissimo

619 1673 841 1770 spellaculo,
859 1697 932 1766 quo
953 1673 1096 1746 Carolus
1124 1693 1167 1744 v.
1188 1679 1313 1745 Caesar
1337 1675 1443 1764 Aquis
1485 1673 1590 1744 Grani
1634 1696 1763 1744 corona
1803 1675 1951 1746 donatus

618 1813 691 1880 est,
718 1791 828 1864 adsuit
851 1797 886 1865 bt
910 1791 1133 1864 Castiliouius
1159 1792 1330 1864 Pontificis
1356 1793 1518 1877 nomine,
1545 1813 1745 1886 quantoque
1778 1797 1891 1868 studio
1924 1793 1956 1865 is

620 1933 729 1998 tum,
768 1931 870 2004 atque
896 1931 997 1982 antea
1023 1911 1059 1981 in
1084 1912 1274 2002 Hispania,
1298 1917 1332 1984 δι
1357 1913 1392 1982 in
1417 1913 1531 2004 Belgio
1556 1914 1703 2008 ejusdem
1727 1913 1865 2004 negotia
1884 1930 1954 1984 tra·
2051 1935 2056 1946 ·

619 2027 787 2112 daverit,
811 2032 913 2122 ipsius
938 2032 980 2102 ad
1003 2029 1125 2103 lulimn
1150 2032 1339 2102 Mediceum
1363 2037 1394 2102 dt
1421 2033 1627 2104 Bernardum
1653 2034 1834 2105 Dovitinm
1867 2035 1955 2103 Car-

616 2147 751 2220 dinales
774 2149 907 2222 litterae
929 2149 1100 2222 declarant
1129 2145 1238 2242 (93).
1261 2155 1411 2222 Tantum
1436 2176 1517 2222 sane
1553 2153 1663 2244 gratia
1701 2169 1837 2241 poterat
1862 2150 1953 2242 apud

616 2269 790 2356 Leonem,
824 2288 920 2340 tanta
944 2287 1017 2340 erat
1042 2269 1245 2341 dexteritate
1284 2247 1321 2341 in
1357 2271 1631 2343 administrandis
1674 2270 1848 2363 negotiis,
1888 2287 1951 2356 ut,

617 2409 696 2458 cum
722 2385 765 2456 ad
789 2409 866 2460 eum
892 2413 944 2459 am
971 2406 1119 2462 mox1x.
1140 2390 1263 2460 missus
1287 2389 1409 2462 suisset
1434 2416 1454 2462 a
1479 2391 1656 2463 Friderico
1675 2395 1837 2484 Gonzaga
1856 2393 1959 2460 Mam

618 2524 698 2580 tuae
724 2507 945 2594 Marehione,
969 2508 1030 2600 qui
1054 2507 1188 2594 odium,
1208 2509 1245 2580 in
1268 2511 1361 2603 quod
1384 2512 1576 2583 incurrerat
1600 2515 1670 2605 ejus
1699 2529 1794 2602 pater
1818 2512 1956 2580 franci-

616 2649 699 2702 scus
721 2627 936 2700 lltbinatium
963 2651 1073 2729 rerum
1096 2651 1245 2716 caussa,
1270 2655 1290 2702 a
1314 2653 1350 2702 se
1376 2649 1532 2704 avertere·
1552 2633 1755 2722 exoptabat,
1790 2653 1860 2703 non
1885 2650 1951 2698 so·

612 2749 686 2824 lttm
720 2748 811 2820 omni
844 2748 944 2840 crdpa
979 2742 1198 2835 liberaverit,
1238 2749 1435 2822 sedetiam
1464 2752 1638 2842 imperinm
1673 2752 1846 2840 copiarum
1885 2765 1958 2820 tum

611 2867 807 2953 Pontificis,
834 2892 911 2944 tum
926 2869 1153 2962 Reipublicae
1171 2869 1391 2942 Florentinae·
1410 2871 1519 2943 eidem
1559 2870 1817 2961 impetraverit.
1853 2871 1958 2938 Fama

614 3011 752 3085 quoque
777 2991 843 3062 fuit
866 2993 1039 3086 cogitasse
1057 2997 1204 3064 Leonem
1228 2990 1275 3060 de
1294 2988 1503 3061 castilionio·
1523 2989 1559 3059 in
1584 2989 1815 3061 cardinalium
1841 2985 1954 3059 colle-

613 3111 706 3206 gium
729 3097 949 3201 cooptando,
974 3113 1008 3180 &
1031 3135 1107 3184 eum
1131 3135 1175 3184 eo
1199 3113 1304 3184 amice
1328 3121 1556 3203 conquestum
1576 3133 1676 3196 esse,
1701 3109 1816 3202 quod,
1849 3105 1955 3178 amis·

612 3253 655 3308 aa
678 3255 732 3306 an.
756 3247 884 3304 moxx.
910 3229 1097 3324 Hippolyta
1119 3229 1290 3305 ‘l'atrrellia
1314 3233 1465 3324 conjuge
1482 3230 1679 3318 carissima,
1713 3231 1828 3301 statim
1854 3229 1959 3302 mirri·

613 3373 669 3426 rue
692 3353 756 3425 sibi
779 3351 968 3444 aperuisset
992 3351 1144 3423 animum
1165 3375 1268 3424 suum
1288 3353 1464 3424 Romanae
1486 3348 1666 3422 Ecclesiae
1680 3349 1866 3422 militandi.
1889 3347 1959 3420 Sed

613 3489 694 3562 post
717 3471 752 3544 id
775 3492 910 3562 tempus
932 3468 1065 3542 nullum
1090 3471 1233 3564 amplius
1259 3473 1390 3546 creavit
1414 3471 1628 3544 cardinalem
1663 3475 1760 3552 Leo,
1799 3493 1863 3542 nec
1896 3470 1959 3542 diu

614 3592 721 3666 vitam
746 3591 913 3664 retirarit.
935 3588 1071 3662 Solebat
1101 3591 1178 3682 ipse
1208 3593 1342 3678 dicere,
1362 3615 1534 3685 nunquam
1566 3614 1606 3663 se
1639 3615 1715 3664 cum
1754 3587 1960 3662 Castilionio

614 3729 835 3802 congressum
854 3733 951 3800 esse,
976 3713 1060 3807 quin
1086 3713 1128 3784 ab
1151 3737 1194 3786 eo
1219 3716 1329 3787 multa
1349 3713 1554 3798 didicisset,
1589 3735 1653 3783 nee
1693 3733 1844 3803 unquam
1882 3709 1961 3803 ejus

612 3831 743 3922 scripta
765 3829 912 3925 legisse,
937 3835 1023 3928 quin
1047 3836 1118 3933 ejus
1151 3833 1355 3928 elegamiam
1377 3836 1411 3907 Sc
1436 3832 1662 3905 eruditionem
1687 3831 1874 3904 admiratus
1897 3849 1961 3900 es-

612 3967 686 4024 set.
708 3951 949 4026 Gratissimum
973 3977 1060 4028 veno
1080 3953 1134 4028 ill'r
1153 3951 1221 4026 fuit
1245 3933 1380 4026 domam
1400 3952 1564 4044 epistolae
1590 3975 1661 4024 non
1685 3953 1786 4023 modo
1809 3945 1965 4044 elegen-⁴

609 4070 656 4142 ris
671 4100 692 4155 ,’
708 4073 768 4148 sed
791 4075 896 4146 etiarn
920 4074 1137 4168 eloquentis,
1161 4098 1230 4168 qua
1254 4071 1405 4164 pluribus
1425 4072 1588 4145 disseruit
1615 4073 1658 4144 de
1684 4073 1854 4144 veteribus
1892 4093 1961 4142 ur·

609 4190 662 4260 bis
685 4181 839 4285 Reginae·
856 4197 1108 4282 monumentis,
1130 4197 1175 4268 de
1198 4193 1439 4268 architeclurae
1456 4193 1765 4279 vicissitudinibus,
1789 4192 1833 4262 de
1858 4189 1966 4265 nobi-

610 4303 753 4384 lioribus
779 4313 945 4420 aedificiis.
965 4315 1239 4402 conservandis,
1263 4315 1503 4403 restituendis,
1526 4311 1836 4406 commensurandis
1850 4307 1965 4402 (9⁶)-

613 4427 730 4510 Multa
742 4431 787 4506 iu
804 4434 1012 4527 castilionis¹
1034 4441 1070 4508 br
1095 4434 1231 4516 Andrea
1257 4437 1448 4532 Navagerio
1474 4439 1569 4530 paria
1587 4437 1748 4522 suerrmt,
1771 4457 1890 4508 rerum
1907 4427 1962 4504 ei·
