4392 5838
1440 705 1448 712 ’
1502 707 1505 714 ·
1551 692 1624 776 469

272 843 275 850 ·
351 813 441 874 dtem
461 807 606 895 liprefati
628 809 800 873 lletereudo
820 827 836 868 e
856 805 1008 891 Magnifici
1034 805 1144 870 Sindici
1164 809 1191 870 dt
1213 807 1394 870 Ptoturatori
1415 817 1598 890 promettono
1620 800 1663 867 in·

403 914 548 976 tercedere
570 937 703 999 appresso
725 937 741 976 a
760 915 854 998 quella
878 917 946 976 Est.
969 915 1042 994 Rep.
1062 909 1115 972 che
1137 911 1174 972 ad
1205 910 1451 995 contemplatione
1477 909 1553 970 della
1584 907 1658 972 Cha·

404 1019 492 1080 tolita
522 1021 634 1080 Maesta
665 1019 761 1102 roglia
782 1015 908 1078 restituit
930 1014 1040 1077 libeni
1061 1014 1114 1076 clrc
1135 1016 1212 1076 tiene
1237 1015 1306 1076 delli
1328 1013 1469 1076 huomeni
1485 1013 1515 1076 di
1536 1034 1598 1076 casa
1613 1011 1660 1072 de'

402 1123 529 1193 Medici,
551 1128 581 1182 dr
601 1123 623 1182 li
643 1121 709 1182 beni
731 1117 848 1180 alicnati
869 1117 904 1178 de
924 1137 1067 1181 consensu
1085 1119 1227 1180 didatum
1248 1117 1285 1180 de
1298 1115 1526 1190 Medicis‚&sia
1541 1117 1659 1178 statuito

403 1227 527 1287 termine
547 1223 723 1286 condecente
745 1221 781 1286 ad
802 1221 1058 1304 recompcrarseli‚
1081 1221 1233 1304 pagandoli
1255 1223 1281 1282 cl
1302 1242 1403 1304 presto
1423 1218 1527 1280 furono
1551 1217 1659 1278 vendu-

413 1329 458 1398 ti,
478 1333 506 1390 dt
528 1325 621 1390 ancho
643 1327 665 1388 li
687 1325 932 1410 meglioramenti‚
953 1330 981 1386 tc
1001 1323 1025 1384 li
1045 1323 1112 1387 altri
1138 1322 1205 1386 beni
1231 1323 1348 1388 alienati
1374 1344 1423 1407 pet
1439 1323 1471 1384 la
1501 1336 1579 1382 torte
1608 1317 1657 1378 liat

405 1429 517 1512 justitia
542 1429 699 1496 summarie
722 1435 750 1492 dt
771 1427 807 1489 de
827 1428 932 1512 plano.

315 1607 330 1616 “
364 1633 431 1718 Qne
450 1637 550 1701 omnia
569 1641 597 1698 dt
619 1633 732 1720 singula
754 1632 943 1718 suprascripta
961 1638 1017 1698 dec.
1036 1635 1087 1698 Ex
1107 1634 1186 1698 Filta
1210 1636 1355 1698 LXXXI.

321 1845 386 1934 ζῆ)
406 1844 530 1909 Interim
551 1842 677 1928 petimus
698 1843 789 1921 (laec
809 1844 961 1905 memoriae
982 1845 1147 1912 mandavit,
1166 1846 1216 1922 qai
1234 1857 1448 1921 praesenserat
1469 1843 1556 1906 Paris
1569 1846 1658 1906 Gras-

403 1952 462 2010 sius
483 1971 502 2008 a
522 1948 723 2024 caerimoniis)
742 1967 801 2030 quo
823 1947 941 2008 nominc
963 1946 1053 2008 vellet
1075 1947 1106 2008 in
1130 1947 1303 2030 Apostolatu
1323 1948 1434 2020 vocati,
1456 1955 1483 2012 dt
1504 1947 1582 2010 ditit
1596 1967 1656 2006 non

282 2069 290 2085 ·
401 2071 519 2120 amate.
539 2052 589 2114 sed
610 2051 755 2112 remittere
776 2051 811 2110 ad
842 2051 1063 2132 dispositionem
1094 2049 1241 2136 collegii.
1272 2050 1331 2133 lpsi
1363 2067 1458 2114 autem
1490 2051 1656 2114 cardinales

402 2153 607 2224 hortabantur,
631 2170 664 2213 ut
684 2153 745 2236 ipse
766 2153 923 2221 indicaret,
946 2172 1004 2234 quo
1027 2153 1144 2215 nomine
1165 2153 1254 2214 vellet
1282 2153 1395 2223 vocari,
1417 2159 1446 2212 δι
1472 2152 1547 2212 dirit
1576 2153 1655 2237 quod

400 2257 469 2319 alias
494 2258 570 2318 inter
590 2276 676 2320 ranas
701 2275 763 2318 suas
792 2257 981 2342 cogitationes
999 2255 1194 2338 cogitaverat,
1214 2253 1293 2338 quod
1313 2255 1338 2316 si
1367 2275 1494 2338 unquam
1517 2253 1654 2317 Pontifex
1701 2253 1706 2265 '

401 2376 495 2430 esset,
518 2360 608 2422 vellet
628 2361 724 2422 votui
747 2364 806 2424 Leo
827 2363 891 2430 X.,
911 2367 939 2420 dt
959 2378 1037 2420 nunc
1065 2359 1090 2420 si
1110 2359 1146 2422 iis
1172 2360 1323 2445 placeret,
1355 2361 1396 2422 sic
1424 2376 1590 2428 vocaretur,
1610 2359 1658 2420 sin

401 2481 499 2530 attens
521 2481 553 2525 ut
573 2463 610 2528 iit
630 2463 773 2548 placeret:
795 2468 824 2522 dt
845 2463 932 2524 multi
951 2462 1211 2546 comprobaverunt
1232 2463 1381 2536 dicentes,
1404 2463 1528 2547 quodsi
1554 2462 1610 2547 ipsi
1628 2482 1659 2522 e·

399 2569 466 2632 lecti
482 2563 623 2654 Ufentem,
644 2587 679 2628 eo
700 2567 819 2628 nourinc
840 2567 938 2628 rotari
975 2567 1159 2637 voluisseut.
1182 2573 1211 2628 ει
1236 2569 1279 2630 sic
1306 2569 1475 2632 conclusum
1505 2565 1561 2634 fnit
1589 2589 1658 2636 tum

400 2687 484 2742 tanto
504 2673 606 2757 plauto
627 2671 789 2756 populi‚ut
802 2671 939 2734 credibile
960 2673 1011 2736 tia
1030 2673 1088 2734 sit.
1108 2675 1200 2742 Addit
1220 2677 1354 2738 Grassius
1381 2695 1522 2757 recusasse
1542 2673 1660 2754 Pontifi.

401 2799 478 2849 cern,
499 2791 532 2838 ut
551 2780 638 2838 moris
658 2793 720 2844 est.
741 2778 872 2856 gestari,
892 2779 941 2838 sed
973 2777 1090 2856 pedibus
1121 2799 1229 2868 semper
1263 2783 1366 2854 ivisse,
1396 2795 1480 2866 seque
1510 2791 1659 2844 excusasse

399 2881 621 2964 cardinalibus.
641 2885 667 2946 si
692 2884 761 2972 quid
789 2884 880 2952 minus
897 2881 989 2962 petite
1011 2885 1042 2956 ia
1057 2875 1232 2972 peragendis
1248 2887 1335 2948 saetis
1353 2883 1497 2962 secisseap
1518 2902 1583 2946 nam
1604 2901 1657 2941 aa·

395 3001 446 3060 tea
466 2989 490 3056 ii
510 2987 689 3066 quaesierant
709 2989 934 3056 excusationem,
953 2988 1029 3064 quod
1058 2987 1094 3046 ob
1124 2989 1282 3050 diuturnam
1311 2991 1387 3052 Iulii
1422 2990 1467 3048 tr.
1495 2985 1653 3062 absentiam

397 3091 588 3164 dedidicerant
607 3093 708 3169 exequi
728 3111 782 3162 ea,
802 3111 874 3170 quae
894 3110 1008 3152 suarum
1025 3093 1151 3172 patrium
1167 3107 1266 3152 etant.
1288 3094 1350 3154 Die
1371 3087 1652 3166 PasslranKVH·

396 3197 507 3258 Martii
528 3194 666 3272 Pontifex
686 3214 743 3256 rem
772 3195 896 3257 divinam
921 3193 993 3274 fecit
1023 3198 1054 3258 ia
1083 3195 1194 3266 Satello
1226 3197 1364 3257 Palatina
1392 3197 1480 3276 (narn
1512 3195 1542 3262 S,
1568 3193 1652 3257 Petri

394 3297 529 3362 Basilica
554 3305 662 3364 mirsam
679 3321 765 3381 passa
780 3300 899 3380 suerat)
930 3289 1022 3364 &in
1041 3320 1090 3373 ea,
1111 3317 1143 3362 ut
1172 3303 1217 3365 air
1247 3301 1380 3364 Granius
1409 3301 1509 3376 idem,
1539 3294 1652 3362 refulsit

396 3402 569 3468 omnimodo
581 3410 722 3495 'majestas
742 3405 882 3488 Papalis·
1235 3487 1237 3492 Ι

310 3502 381 3588 (34)
401 3507 487 3576 Hm
508 3529 565 3580 ’ἐπ’
585 3513 629 3580 5¹⁶¹
643 3526 772 3598 mals
792 3514 842 3592 qus·
862 3515 963 3584 adem
982 3515 1069 3592 Parit
1089 3518 1247 3588 Grattius·
1269 3515 1328 3590 Dic
1358 3515 1444 3588 lunae
1469 3515 1542 3584 XX·
1569 3505 1654 3572 Iunii
1746 3507 1747 3512 ἵ

394 3631 448 3675 sex
479 3615 618 3684 Oratores
645 3616 783 3688 &nenses
807 3615 843 3680 in
873 3620 938 3691 auls
967 3622 1075 3692 minori
1101 3624 1217 3694 solitam
1247 3636 1426 3705 praestarent
1455 3605 1650 3682 obedielttiam

391 3715 551 3789 Pontifici.
573 3735 607 3781 ut
626 3737 700 3782 anus
720 3743 821 3792 aarum
842 3723 953 3808 primus
979 3726 1012 3786 in
1034 3727 1140 3796 ¹ordine
1163 3729 1256 3811 Faues
1275 3747 1437 3794 sermonem
1458 3719 1653 3794 habueritne

393 3821 433 3884 ²1⁸
452 3819 607 3895 ftrlitssms
628 3831 710 3904 cujas
731 3832 822 3904 malet
841 3848 906 3913 pars
927 3825 983 3890 fuit
1001 3831 1034 3900 in
1054 3832 1176 3916 prologo
1205 3833 1267 3894 sine
1296 3828 1489 3912 praefatione·
1515 3821 1646 3908 alioqui!

378 3919 628 4006 impertinentes,
646 3927 829 4005 obedientiae
848 3931 974 3994 clausula
995 3935 1065 3996 tatis
1088 3935 1183 3996 inanis
1214 3939 1243 3994 δι
1267 3918 1521 4002 r⁴²¹P⁶12¹⁶liq¹12
1541 3922 1615 3982 male
1636 3963 1646 3981 ·

393 4023 533 4084 Pontifex
552 4029 870 4106 elegantissimamque
891 4017 1073 4104 arguamne
1093 4021 1260 4103 respondit,
1281 4022 1324 4084 sic
1347 4038 1380 4092 nt
1404 4043 1505 4096 omnes
1533 4025 1651 4089 laudate

393 4143 457 4190 noa
477 4141 590 4188 cessent
611 4108 770 4196 eumdem,
791 4125 843 4206 qui
863 4125 906 4184 ita
926 4124 957 4194 in
978 4122 1113 4190 omnibus
1145 4124 1205 4186 suis
1230 4115 1461 4206 responsionilsas
1485 4147 1515 4190 se
1539 4129 1651 4215 elegan-

394 4243 442 4291 ter
461 4229 581 4298 habuit,
602 4249 663 4292 non
683 4230 759 4290 sicut
777 4229 850 4290 olim
871 4227 983 4299 Julius,
1002 4227 1057 4310 qai
1076 4229 1211 4312 quotiens
1230 4251 1310 4294 orate
1330 4233 1464 4304 solebat,
1485 4251 1535 4297 aut
1556 4235 1652 4306 mori.

392 4349 443 4396 aut
463 4348 611 4396 mannum
631 4350 663 4393 se
682 4349 743 4394 csse
763 4327 906 4414 fingebat.
935 4349 1047 4417 praeter
1072 4334 1105 4397 id
1136 4335 1215 4418 qnod
1243 4351 1326 4422 saepe
1354 4335 1514 4410 defecerit,
1543 4339 1585 4400 ita
1614 4353 1649 4400 ut

392 4436 468 4512 milti
488 4437 657 4520 plerumque
677 4433 766 4498 faerit
784 4454 899 4504 necesse
918 4435 1015 4508 adite.
1036 4443 1065 4501 dt
1084 4459 1153 4502 cum
1174 4441 1255 4522 quasi
1280 4443 1476 4506 eranimatum
1504 4443 1646 4516 excitare,

391 4551 421 4606 tt
442 4542 532 4608 rerba
550 4541 642 4606 oblita
660 4561 863 4609 rememorare.
883 4542 938 4606 Isti
958 4539 1091 4610 hodierni
1111 4549 1271 4616 Oratores.
1292 4568 1359 4612 eum
1381 4570 1398 4610 a
1425 4547 1509 4612 nobis
1542 4547 1645 4612 acriter

386 4647 535 4722 'admoniti
553 4645 682 4730 uenat,
699 4663 735 4716 ⁸⁸
751 4665 843 4735 qam.
862 4649 949 4722 titi&
972 4669 1089 4796 ἳῐῆιωο
1108 4673 1196 4722 mano
1213 4647 1251 4720 'ad
1264 4656 1408 4738 Palatium
1428 4658 1578 4732 renitent.
1592 4673 1646 4720 nec
