4386 5838
661 635 727 720 160
1044 637 1070 701 L
1119 635 1146 702 E
1196 634 1227 703 O
1275 636 1305 704 N
1355 636 1369 702 l
1419 637 1440 704 S
1514 631 1553 700 Χ.

575 751 824 850 reminiscens
851 769 935 842 quot
963 776 981 821 a
1007 749 1113 824 Gallis
1140 777 1317 845 acceperat
1345 753 1573 823 calamitates.
1600 753 1684 821 Sunt
1702 752 1764 846 qui
1786 747 1949 850 tradunt,

604 888 785 958 postquam
813 871 901 960 apud
921 873 1071 943 Parmam
1103 899 1156 944 res
1182 873 1270 944 male
1291 891 1387 966 gesta
1413 870 1500 955 fuit,
1526 871 1648 940 iterum
1674 890 1824 938 tentasse
1844 871 1949 938 Fran·

538 1033 540 1037 >
607 990 735 1059 ciscum
760 991 904 1080 Regem,
941 1014 1021 1059 nurn
1050 1015 1069 1060 a
1094 993 1249 1061 Caesaris
1277 989 1423 1062 amicitia
1454 990 1592 1066 avocari
1617 987 1774 1060 Pontifex
1812 988 1948 1076 potuis·

604 1127 681 1187 set,
707 1110 797 1180 hunc
822 1110 956 1208 minime
982 1114 1109 1206 ¹aversis
1138 1115 1274 1183 auribus
1301 1113 1372 1202 ejus
1398 1107 1486 1181 dida
1519 1109 1710 1200 accepisse,
1734 1113 1767 1179 δι
1793 1105 1945 1176 adfuisse

603 1229 827 1312 blanuelem,
850 1231 1022 1302 hominem
1060 1258 1140 1303 saue
1180 1235 1223 1303 ad
1256 1231 1371 1301 omnia
1400 1229 1564 1322 vigilem,
1598 1229 1657 1319 qui
1696 1227 1810 1297 datam
1830 1225 1945 1296 iidem

603 1352 801 1438 proposuit,
828 1356 1170 1445 commemoravitque
1196 1351 1395 1422 nobiliorem
1434 1349 1625 1438 Cisalpinae
1660 1347 1790 1418 Galliae
1825 1344 1943 1438 tegio·

601 1491 678 1548 nem
714 1471 755 1539 ab
775 1470 966 1554 'audacibus
993 1473 1233 1564 sceleratisque
1271 1467 1452 1543 Praefedlis
1479 1491 1675 1558 oppressam
1712 1467 1841 1554 terreri,
1875 1466 1943 1537 bo-

600 1608 731 1678 nosque
752 1607 810 1658 aut
829 1588 1037 1670 interfectos,
1060 1612 1119 1663 aut
1146 1592 1248 1664 eirilio
1274 1593 1452 1665 mulc‘latos
1479 1591 1588 1680 patria
1612 1589 1818 1678 civitateque
1843 1589 1940 1656 'care-

599 1728 655 1789 re,
682 1709 864 1801 urbemque
889 1712 995 1800 ipsam
1021 1714 1161 1796 Romam
1185 1715 1219 1784 in
1246 1713 1431 1803 periculum
1456 1717 1489 1786 δι
1512 1711 1694 1782 discrimen
1717 1690 1937 1792 uocari,nisi
1968 1719 1971 1724 '

597 1825 783 1898 exultantis
805 1831 904 1922 Regis
932 1831 1074 1902 audacia
1100 1834 1393 1906 contunderetur.

693 1949 898 2040 Quanquam
931 1951 1000 2022 Leo
1037 1951 1146 2043 gloria
1180 1959 1214 2027 δι
1261 1954 1491 2045 magnitudine
1532 1951 1630 2023 animi
1676 1949 1785 2021 elatus
1819 1943 1930 2017 multe

594 2065 750 2156 Principe
774 2069 879 2160 digna
904 2077 937 2144 δι
962 2075 1146 2164 susciperet
1172 2079 1205 2146 δι
1231 2093 1383 2169 gereret,
1418 2077 1452 2144 δι
1478 2071 1578 2162 longe
1618 2069 1824 2159 prospiceret
1860 2089 1929 2152 ea,

592 2195 682 2275 q'nae
706 2211 783 2258 cum
807 2190 937 2262 virtute
961 2195 1131 2265 &officio
1157 2194 1264 2276 liunt,
1290 2192 1422 2264 minime
1447 2213 1560 2263 tamen
1584 2189 1647 2259 sibi
1673 2186 1882 2276 temperabat
1907 2207 1927 2252 a

591 2301 708 2390 sadis,
744 2333 831 2399 quae
856 2307 958 2382 sacile
986 2315 1157 2384 trahere
1149 2339 1184 2384 ιιι
1216 2314 1376 2384 invidiam
1406 2311 1500 2383 illurn
1527 2311 1739 2400 potuissent,
1773 2329 1929 2401 quaeque

590 2421 627 2490 in
648 2425 783 2512 privato
813 2429 1006 2500 homine
973 2455 1033 2500 vrx
1059 2431 1259 2526 tolerasses.
1291 2431 1349 2504 Ille
1377 2435 1464 2504 idem
1488 2457 1635 2515 sensus,
1674 2430 1734 2522 qui
1774 2440 1943 2498 commo-¹*

588 2558 689 2615 vetur
712 2571 755 2618 ex
781 2548 927 2637 publicis
947 2550 1218 2643 domesticisque
1259 2555 1374 2638 malis,
1400 2555 1443 2626 ad
1468 2555 1627 2646 exiguum
1643 2572 1787 2640 tempus
1809 2531 1924 2618 dura·
1936 2559 1940 2566 '

584 2682 623 2731 re
647 2664 681 2734 in
702 2663 761 2735 illo
788 2667 989 2757 videbatur,
1016 2693 1091 2743 curn
1114 2673 1208 2744 brevi
1232 2674 1358 2745 rediret
1385 2673 1455 2745 ad
1447 2669 1618 2766 ingenium
1640 2693 1739 2742 suurn
1753 2653 1921 2761 quaeren-

582 2781 619 2850 di
642 2781 885 2859 obledamenta
910 2793 944 2863 dt
969 2790 1093 2863 solatia
1120 2808 1275 2864 curarum
1309 2815 1409 2886 atque
1446 2793 1603 2866 doloris.
1640 2790 1782 2861 Paucis
1780 2783 1923 2858 mensi·
1958 2885 1959 2890 ἵ

573 2900 646 2972 bus
671 2905 782 2976 amisit
808 2909 1021 2982 Franciscum
1037 2915 1172 3000 Cibum,
1198 2921 1232 2987 δι
1257 2913 1490 3007 Magdalenam
1504 2933 1680 2992 sororem,
1701 2895 1789 3002 quae
1809 2906 1840 2976 ei
1858 2927 1923 2975 tru·

578 3038 639 3106 pra
664 3045 757 3107 erat,
778 3026 957 3116 Aloysium
980 3033 1138 3103 Rossium
1163 3033 1398 3121 Cardinalem,
1424 3039 1459 3108 δι
1484 3031 1689 3104 Bernatdum
1714 3025 1917 3110 Dovitium,
1943 3089 1954 3104 ,

577 3141 614 3214 itt
637 3168 782 3235 qnorum
807 3149 958 3220 omnium
974 3175 1086 3222 amore
1104 3157 1137 3224 δι
1158 3155 1357 3245 quotidiana
1375 3154 1629 3227 consuetudine
1649 3137 1806 3244 quamvis
1831 3167 1919 3214 coa·
1929 3163 1933 3172 ·

574 3261 746 3352 quiescere
771 3267 971 3356 videretur,
1008 3297 1079 3343 ιιοιι
1121 3275 1205 3345 satis
1243 3294 1356 3347 tamen
1391 3273 1493 3359 scio,
1529 3295 1610 3344 num
1658 3271 1791 3343 illorum
1816 3267 1919 3339 sune·

570 3404 610 3452 ta
633 3381 780 3457 lacrimis
804 3390 1039 3461 decoraverit.
1064 3391 1117 3462 llli
1143 3395 1269 3484 priori,
1298 3415 1337 3466 ut
1361 3400 1395 3468 ar
1417 3395 1519 3466 uxori
1563 3394 1677 3463 locum
1715 3385 1911 3480 sepulturae

574 3503 611 3573 in
635 3508 782 3576 Aedibus
807 3509 978 3580 Vaticanis
1004 3511 1076 3582 dari
1102 3513 1222 3605 jussit,
1247 3516 1387 3587 Dovitio
1412 3537 1525 3588 autem
1548 3517 1583 3587 iu
1618 3514 1710 3584 Aede
1749 3512 1911 3580 Laureta·

573 3643 640 3709 na,
665 3647 766 3714 quam
793 3623 905 3698 multis
930 3626 1152 3705 decoraverat
1177 3636 1412 3706 ornamentis.
1436 3635 1515 3705 Fuit
1556 3632 1703 3720 suspicio
1746 3629 1838 3699 hunc
1863 3647 1910 3697 ex

571 3761 705 3812 veneno
731 3763 873 3816 mortem
898 3747 1042 3832 obiisse,
1068 3752 1221 3852 &miror
1246 3753 1401 3845 equidem
1415 3751 1660 3826 nonnullorum
1689 3747 1793 3818 fuisse
1818 3745 1904 3816 adeo

573 3859 774 3950 impudicam
798 3852 1065 3956 impudentiam,
1086 3891 1125 3942 ut
1153 3873 1241 3942 tanti
1267 3873 1411 3944 criminis
1433 3871 1566 3961 culpam
1583 3870 1690 3942 vel'in
1709 3866 1906 3939 Pontificem

567 3980 678 4069 ipsum
704 3984 793 4070 ,vel
820 3986 855 4056 in
886 3987 1074 4060 Mediceum
1104 3991 1319 4063 Cardinalem
1340 3991 1575 4064 transtulerint
1606 3987 1716 4080 (7⁶)·
1745 3991 1818 4075 Eo,
1834 4007 1904 4079 quo

566 4101 653 4173 haec
685 4106 912 4194 acciderunt,
949 4133 1040 4180 anno
1061 4105 1081 4194 (
1104 4110 1171 4180 fuit
1197 4110 1255 4182 hic
1286 4127 1414 4182 moxx.
1449 4116 1467 4203 )
1499 4133 1693 4204 quanquam
1724 4113 1792 4180 Leo
1831 4107 1903 4179 fere

565 4245 741 4314 nunquam
770 4225 995 4300 intermiserat
1030 4231 1313 4302 consuetudinem
1345 4253 1404 4321 per
1431 4249 1524 4300 totos
1554 4231 1654 4301 binos
1682 4251 1813 4312 menses
1844 4249 1901 4296 us·

565 4360 632 4430 que
668 4341 711 4411 ad
746 4345 896 4416 omnium
919 4349 1122 4419 Sanctorum
1157 4351 1245 4420 diem
1282 4347 1408 4422 festum
1440 4349 1654 4436 rusticandi,
1680 4353 1835 4440 &agros
1864 4348 1899 4415 bt

564 4479 701 4535 nemora
716 4465 917 4558 peragrandi
932 4469 1152 4544 venationum
1169 4491 1291 4544 caussa
1306 4521 1316 4560 ,
1329 4457 1417 4547 Urbe
1437 4487 1551 4550 tamen
1573 4469 1710 4542 minime
1724 4465 1890 4546 excessit.
