4386 5838
619 623 685 678 tta
1001 601 1029 674 L
1076 607 1104 678 E
1153 603 1186 675 Ο
1234 607 1265 678 N
1312 610 1326 678 1
1377 607 1399 676 S
1470 603 1511 674 X.

557 741 677 795 terunt
701 719 886 806 Feltriani,
921 739 1020 795 tanta
1052 725 1182 798 virtute
1207 725 1300 799 illum
1334 728 1598 810 sustinuerunt,
1619 735 1661 797 'ut
1689 747 1769 812 eos,
1804 723 1894 798 infe-

555 845 608 916 dla
633 867 687 932 re,
714 845 757 915 ad
779 829 910 930 castra,
935 867 1021 937 quae
1047 867 1231 936 posuerant
1258 847 1299 918 ad
1326 840 1493 935 Apennini
1519 847 1672 932 radices,
1700 870 1736 918 se
1764 849 1895 940 recipe·

557 988 593 1036 re
626 965 821 1056 coegerint.
854 966 1052 1038 vicinorum
1092 967 1291 1058 oppidorum
1323 967 1577 1057 oppugnatione
1612 965 1890 1047 abstinuerunt,
2000 1003 2005 1011 ·

557 1085 649 1178 quod
674 1083 945 1175 Anglariensium
969 1087 1157 1178 exemplum
1183 1107 1312 1158 ceteros
1338 1087 1554 1158 animosiores
1580 1087 1759 1170 effecerat,
1780 1083 1889 1176 quod,

557 1229 623 1297 que
649 1203 818 1296 praesidia
840 1204 981 1276 militurn
1007 1207 1049 1278 ad
1073 1229 1115 1278 ea
1138 1205 1292 1277 Arimino
1318 1226 1504 1280 venerant.
1524 1207 1627 1276 Venit
1653 1227 1790 1304 quogue
1804 1203 1896 1274 'Flo-

559 1325 668 1396 rentia
692 1349 769 1396 cum
795 1321 904 1414 copiis
929 1326 971 1399 ad
1008 1329 1155 1418 Burgum
1195 1328 1227 1395 S.
1260 1326 1411 1414 Sepulcri
1443 1326 1646 1398 Laurentius
1685 1323 1892 1431 laodicens,

558 1467 661 1536 prope
685 1469 786 1536 quem
811 1469 887 1516 cum
912 1464 1001 1516 esset
1023 1445 1191 1532 Feltrius,
1218 1467 1276 1536 per
1300 1445 1410 1534 plures
1433 1466 1545 1518 tamen
1571 1447 1643 1516 dies
1668 1467 1751 1532 suos
1769 1465 1887 1516 omnes

557 1563 679 1634 castris
705 1565 874 1634 continuit
899 1588 969 1636 non
994 1587 1063 1636 tam
1090 1568 1208 1637 timore
1235 1563 1398 1653 periculi,
1421 1587 1522 1655 quam
1542 1565 1633 1657 quod
1661 1539 1805 1642 militurn
1827 1587 1894 1634 vo-

560 1700 615 1750 ces
643 1681 890 1768 audiebantur,
917 1705 954 1752 se
991 1706 1027 1755 se
1056 1685 1210 1756 omnibus
1243 1685 1444 1756 necessariis
1476 1687 1576 1758 rebus
1615 1703 1753 1774 egentes
1785 1681 1896 1756 fessos

489 1839 492 1847 ·
555 1806 621 1898 jam
645 1823 718 1872 esse
743 1801 877 1871 trahere
908 1799 1052 1888 bellum,
1083 1825 1197 1896 aquo
1222 1803 1307 1874 nihil
1333 1828 1488 1893 sperare,
1523 1803 1669 1876 multum
1704 1819 1819 1874 autern
1844 1803 1895 1874 ti-

557 1943 647 1992 mere
682 1921 872 1992 debebant.
897 1917 1060 1993 Maximae
1084 1924 1152 1994 Leo
1177 1922 1369 2015 largitiones
1400 1923 1532 1996 fecerat·
1547 1923 1594 1995 'ad
1625 1923 1892 2012 corrumpendos

558 2040 663 2110 duces
687 2045 720 2111 dt
745 2041 986 2129 centuriones,
1009 2043 1192 2134 attriplex
1217 2046 1442 2134 stipendium,
1463 2049 1496 2116 dc
1522 2044 1650 2135 majora
1670 2043 1772 2112 etiarn
1801 2065 1897 2132 prae·

559 2159 627 2230 mia
652 2162 849 2250 promiserat
875 2163 1097 2249 cohortibus,
1122 2165 1149 2234 si
1171 2163 1335 2233 Feltrium
1359 2163 1612 2248 deseruissenta
1652 2187 1740 2254 quae
1777 2163 1898 2253 quanti

558 2283 720 2370 momenti
746 2280 873 2353 fuerint
899 2285 989 2373 apud
1013 2304 1129 2377 gentes
1155 2285 1297 2356 avaritia
1322 2301 1528 2373 corruptas,
1554 2289 1588 2356 dc
1614 2282 1759 2374 praedae
1795 2281 1898 2370 cupi·

560 2400 620 2470 das
647 2401 742 2474 facile
767 2425 819 2474 est
843 2406 1035 2498 conjicere.
1062 2406 1114 2475 Ad
1139 2405 1173 2475 id
1198 2407 1271 2496 Ugo
1296 2403 1467 2474 Moncada
1483 2399 1620 2474 Siciliae
1640 2405 1766 2473 Prorex
1791 2403 1898 2472 Caro·

560 2521 586 2593 li
611 2523 712 2612 Regis
738 2525 875 2596 nornine
897 2543 1110 2616 persuaserat
1135 2523 1296 2616 Hispanis
1320 2524 1541 2609 cohortibus,
1567 2525 1744 2594 si-conrra
1779 2519 1899 2590 Ponti-

559 2639 656 2710 licem
681 2665 773 2712 arma
798 2643 885 2715 serre
911 2662 1188 2734 perseverarent,
1214 2665 1275 2714 eos
1298 2667 1482 2736 eorumque
1505 2641 1628 2713 liberos
1648 2663 1725 2712 reos
1745 2640 1901 2734 majesta·

561 2760 607 2828 tis
632 2759 785 2830 habitunt
802 2763 862 2831 iri.
886 2764 1010 2834 Eadem
1026 2763 1130 2836 ferme
1145 2761 1230 2834 dixit
1246 2763 1458 2834 Vasconibus
1478 2762 1628 2832 Thomas
1654 2761 1781 2854 Fojus,
1798 2779 1898 2850 quem

558 2903 640 2953 cum
663 2880 760 2954 novis
783 2882 943 2954 subsidiis
967 2883 1098 2956 Galliae
1123 2885 1196 2954 Rex
1221 2883 1357 2955 miserat
1391 2883 1434 2953 ad
1472 2881 1647 2954 Pontificis
1687 2879 1873 2952 exercitum
1887 2885 1910 2964 ,'·

561 3005 596 3074 sc
620 3003 702 3094 quia
726 3001 936 3073 nobilissimo
961 3025 1083 3094 genere
1118 3003 1146 3074 is
1173 3022 1275 3075 natus
1306 3023 1380 3075 erat
1417 3003 1506 3092 apud
1542 3001 1639 3088 illos,
1678 3020 1902 3093 magnamque

560 3119 799 3193 audloritatem
823 3122 995 3210 habebat,
1019 3147 1137 3196 omnes
1162 3123 1420 3195 conclamarunt
1443 3145 1480 3194 se
1504 3146 1540 3194 se
1565 3139 1687 3194 contra
1710 3120 1805 3192 cives
1829 3139 1901 3190 non

561 3237 705 3326 ituros,
729 3264 793 3311 nec
816 3261 939 3315 contra
963 3243 1178 3316 voluntatem
1203 3244 1302 3332 Regis
1331 3241 1517 3335 quidquam
1541 3241 1710 3314 fadluros.
1735 3244 1824 3312 Tum
1844 3263 1904 3312 su·

562 3353 668 3428 bitam
707 3363 1007 3434 commutationem
1042 3361 1201 3457 fortunae
1236 3361 1361 3432 Feltrio
1398 3363 1516 3435 videre
1540 3361 1666 3450 licuit,
1691 3384 1798 3454 quare
1822 3357 1903 3428 licet

563 3477 664 3555 multi
690 3495 907 3568 superessent
931 3477 1079 3566 milites,
1103 3482 1163 3574 qui
1189 3505 1249 3574 pro
1275 3483 1366 3556 illius
1398 3481 1508 3556 salute
1533 3481 1755 3572 &dignitate
1780 3502 1816 3552 se
1841 3477 1902 3550 vi·

568 3616 637 3666 tam
663 3597 888 3686 profusuros,
912 3599 977 3671 fide
1002 3625 1041 3672 ac
1061 3603 1277 3696 jurejurando
1297 3603 1524 3696 interposito,
1548 3601 1817 3694 pollicebantur,
1842 3622 1902 3672 att·

567 3734 621 3787 tes
649 3714 804 3787 dolenter
828 3720 982 3808 praebuit
1006 3721 1047 3792 iis
1073 3722 1235 3812 ducibus,
1262 3726 1319 3817 qui
1340 3725 1405 3796 hoc
1430 3747 1537 3796 unum
1560 3747 1635 3796 esse
1660 3740 1791 3814 tempus
1827 3723 1904 3816 aje-

568 3835 651 3908 bant
674 3836 716 3907 dc
741 3859 822 3926 pace
843 3838 983 3930 agendi,
1008 3843 1167 3934 quoniam
1192 3863 1357 3938 quantum
1381 3847 1417 3916 in
1441 3829 1530 3917 bello
1556 3846 1745 3936 pecunia&
1761 3841 1903 3912 fortuna

566 3975 730 4048 possent,
756 3959 822 4050 jam
847 3959 921 4051 ipse
944 3962 1163 4036 incommodis
1190 3963 1261 4034 suis
1287 3963 1368 4035 satis
1401 3982 1474 4036 erat
1505 3965 1735 4048 documento.
1771 3957 1901 4030 Condi-

568 4075 678 4150 siones
704 4078 797 4168 pacis
822 4078 981 4170 filerunt,
1007 4102 1046 4155 ut
1068 4082 1228 4156 Pontifex
1252 4085 1477 4177 quadraginta
1513 4080 1795 4177 quinquemillia
1830 4101 1903 4150 nu-

569 4217 664 4268 tnum
690 4221 868 4271 aureorum
891 4201 1039 4278 solveret
1064 4205 1221 4294 Hispanis
1246 4203 1429 4292 militibus,
1455 4205 1632 4296 sexaginta
1656 4223 1739 4277 vero
1763 4203 1906 4270 Vasco-

569 4311 672 4388 nlbus
697 4322 731 4388 ὃ(
755 4321 952 4409 Germanis,
979 4347 1021 4398 ea
1044 4325 1238 4398 conditione
1258 4371 1269 4406 ‚
1290 4321 1328 4397 ut¹
1354 4325 1444 4396 intra
1468 4325 1542 4397 dies
1565 4325 1641 4396 odio
1672 4323 1714 4394 ab
1739 4315 1906 4390 Florenti·

568 4451 716 4526 norum,
740 4439 935 4534 tomum,
956 4447 992 4519 δι
1015 4443 1135 4520 Urbini
1147 4444 1252 4525 Ducis
1269 4443 1400 4521 ditione
1419 4445 1652 4536 discederetur
1675 4458 1715 4518 ut
1733 4435 1906 4524 serarius.

1670 4591 1679 4618 ·-
1770 4578 1858 4658 giras
