4372 5842
690 679 736 746 ν·
818 679 833 748 1
930 685 962 754 Τ
1059 685 1090 756 Α
1479 707 1546 776 2¹3

268 792 447 868 veritatem
472 794 698 890 judiciorum,
724 826 811 894 quae
835 806 870 876 in
894 803 1047 876 homines
1074 801 1314 879 audacissimos
1340 805 1428 880 satta
1451 827 1526 893 est,
1551 806 1601 878 li·

266 916 338 986 buit
358 919 527 992 interdum
550 921 707 992 Pontifici
732 923 970 996 misericordia
995 926 1173 1018 mitigare,
1215 929 1250 998 in
1275 951 1406 1000 summa
1439 930 1599 1001 comitate

265 1059 346 1127 prae
371 1062 407 1109 se
431 1037 559 1110 ferebat
584 1033 687 1114 etiam
712 1044 901 1114 severitatis
927 1047 1007 1117 satis
1032 1047 1075 1116 ad
1100 1048 1324 1119 continendos
1352 1045 1439 1119 male
1473 1049 1599 1119 anima·

265 1175 321 1228 tos
334 1205 346 1240 ,
370 1182 413 1229 ne
439 1162 557 1231 veniae
582 1185 657 1251 spes
683 1185 741 1234 eos
766 1162 971 1252 ferociores,
993 1166 1315 1262 impotentioresque
1331 1171 1503 1244 redderet.
1522 1174 1600 1242 Nort

266 1277 432 1350 iracunde
454 1281 555 1350 modo
581 1281 796 1374 increpavit,
821 1289 881 1357 sed
905 1292 939 1357 dc
966 1284 1001 1354 in
1031 1287 1194 1358 Hadriani
1223 1275 1311 1360 mole
1352 1289 1478 1360 includi
1503 1291 1600 1383 jussit

263 1399 524 1474 Sanseverinum
557 1403 793 1485 Cardinalem,
832 1407 924 1497 quod
961 1423 1034 1478 erat
1066 1407 1215 1496 suspicio
1251 1407 1350 1500 fugae
1389 1387 1599 1480 consuluisse

262 1517 464 1608 hominum,
489 1522 546 1612 qui
572 1522 607 1592 in
634 1523 800 1596 famulatu
824 1523 912 1596 illius
934 1545 1052 1614 erant,
1079 1531 1203 1622 quique
1226 1527 1402 1600 homicidii
1437 1529 1484 1600 rei
1510 1549 1601 1597 con-

156 1657 160 1664 “
262 1641 341 1712 vicii
366 1640 519 1716 fuerant.
542 1644 606 1716 Sed
632 1665 733 1730 cum,
758 1648 792 1716 in
818 1669 887 1736 quo
913 1647 1156 1734 accusabatur,
1183 1650 1283 1741 culpa
1307 1666 1468 1734 vacaret,
1503 1649 1599 1722 brevi

158 4681 180 4726 ,,
252 4681 259 4700 .

261 1763 419 1835 custodia
443 1765 603 1838 liberatus
628 1790 700 1839 est.
727 1775 839 1858 lpsum
866 1767 1023 1840 volumen
1048 1769 1296 1858 epistolarum,
1334 1795 1418 1862 quas
1454 1773 1598 1842 Bembus

262 1883 435 1956 Pontificis
460 1889 592 1958 nomine
618 1889 781 1978 scripsit,
814 1889 910 1979 plura
933 1891 1061 1972 haber,
1086 1892 1274 1981 exquibus
1302 1893 1461 1984 cognosci
1486 1909 1601 1979 potest

264 1997 314 2071 ita
340 2005 499 2092 probasse
523 2009 669 2080 Leonem
695 2009 985 2092 mansuetudinem
1011 2027 1113 2100 atque
1140 2007 1368 2096 clementiam,
1395 2029 1435 2100 ut
1455 2011 1599 2081 adhibe-

266 2145 318 2194 ret
342 2124 445 2198 etiam
468 2127 682 2218 Reipublicae
709 2153 830 2199 caussa
852 2129 1092 2201 severitatem.
1117 2131 1156 2200 Is
1181 2131 1267 2201 enirn
1287 2133 1388 2201 animi
1404 2133 1509 2202 nostri
1524 2154 1601 2202 sen·

265 2263 325 2318 sus
348 2261 417 2330 cst,
442 2245 504 2331 (in
529 2249 613 2319 haec
636 2251 740 2321 verba
764 2251 929 2322 scribebat
953 2251 1166 2342 Magistratui
1203 2251 1444 2342 Bononiensi)
1481 2269 1518 2321 nt
1541 2249 1600 2346 qni
1628 2251 1630 2256 ’

267 2367 353 2442 mole
377 2369 523 2457 vivunt,
541 2367 770 2466 flagitioseque
793 2388 892 2452 sont,
916 2393 1049 2442 suorum
1063 2371 1221 2444 scelerum
1234 2350 1361 2468 poenos
1378 2371 1474 2444 lnnrtt
1489 2372 1600 2460 (125).

267 2491 421 2580 Dignitas
447 2515 487 2562 ac
511 2493 670 2584 majestas
708 2494 908 2566 Catholicae
944 2494 1113 2564 Ecclesiae
1153 2491 1305 2564 Retloris
1345 2494 1474 2583 erigere
1511 2516 1530 2561 a
1563 2517 1601 2563 so

268 2615 589 2703 quoque-putavit,
614 2631 653 2687 ut
678 2616 861 2688 acrioribus
885 2613 1059 2704 suppliciis
1085 2613 1220 2704 puniret
1246 2610 1433 2684 libellorum
1453 2613 1604 2684 Pontifi-

268 2731 399 2806 ciorum
424 2733 611 2814 falsificos,
641 2757 743 2826 quam
783 2733 1028 2806 tumultuantes
1064 2737 1186 2806 cives·
1214 2735 1317 2828 Cujus
1352 2731 1497 2806 criminis
1524 2757 1602 2804 cum

267 2852 442 2924 convidus
467 2850 588 2923 luisset
613 2853 828 2926 Sebastianus
854 2855 1092 2939 Tarvisanus‚
1117 2854 1177 2946 qui
1202 2853 1300 2924 civile
1325 2853 1378 2946 jus
1411 2855 1446 2924 in
1482 2851 1601 2923 Archi·

266 2971 446 3063 gymnasio
472 2975 627 3044 Romano
651 2975 900 3062 profitebatur,
935 2972 1086 3045 flammis
1111 2975 1146 3043 in
1181 2997 1299 3062 campo
1334 2969 1454 3043 Florae
1487 2973 1603 3042 extin-

268 3089 343 3166 clus
366 3113 439 3164 est.
465 3094 561 3166 Vidit
585 3095 688 3166 etiam
715 3099 823 3166 Roma
856 3114 999 3167 mortem
1024 3095 1078 3164 sni
1119 3093 1317 3166 nobilissimi
1362 3096 1447 3166 civis
1487 3092 1604 3164 Rencii

266 3213 431 3285 Mancinii
455 3213 673 3305 impurissimi
696 3215 846 3287 hominis
872 3221 905 3288 lic
930 3215 1108 3300 scelerati,
1132 3213 1190 3306 qui
1221 3217 1352 3284 affinem
1384 3237 1485 3284 suum
1508 3215 1604 3282 Cor-

268 3352 431 3406 notanum
453 3336 490 3406 in
515 3337 598 3407 aede
621 3339 652 3406 S.
678 3337 806 3408 Mariae
832 3335 875 3406 ad
909 3337 1098 3408 Minervam
1130 3333 1357 3421 confoderat,
1388 3335 1513 3426 quique
1537 3356 1603 3422 po-

268 3457 378 3529 tentia
403 3461 437 3528 sc
461 3457 606 3528 audacia
631 3479 692 3527 sua
716 3456 823 3528 fretus
848 3457 1004 3529 omnibus
1028 3457 1135 3527 minas
1162 3454 1299 3552 jacinte,
1321 3453 1355 3522 δι’
1376 3451 1527 3544 pericula
1551 3453 1605 3524 in·

268 3581 427 3667 tendere,
452 3574 610 3667 despecta
645 3579 902 3669 magistratuum
941 3578 1139 3669 majestate,
1172 3593 1423 3646 consueverat.
1455 3573 1603 3644 Omnino

268 3699 482 3790 propositum
502 3717 575 3769 erat
601 3699 753 3769 Pontifici
779 3698 1008 3787 potentiorum
1034 3697 1209 3768 audaciam
1235 3695 1472 3786 comprimere,
1502 3691 1605 3767 &la-

267 3820 517 3904 (timasium,
542 3843 630 3910 quae
655 3820 713 3889 diu
738 3819 879 3888 nimium
914 3821 1054 3888 Romam
1094 3819 1300 3904 afflixerant,
1334 3815 1473 3898 tollere,
1508 3813 1602 3906 quod

264 3963 348 4013 sane
371 3943 445 4014 fieri
469 3941 601 4012 minime
624 3939 796 4029 potuisset
820 3941 891 4010 sine
915 3963 1034 4031 magna
1057 3939 1169 4034 legum
1196 3942 1230 4012 dt
1255 3939 1453 4032 judiciorum
1478 3937 1607 4008 severi·
1633 3951 1638 3962 ·

265 4079 360 4132 tate.
385 4061 515 4133 Sedatis
536 4061 626 4131 enim
661 4057 831 4130 fluetibus
857 4063 1112 4151 &tempestate
1139 4075 1367 4137 commutata,
1392 4053 1505 4143 plures
1530 4051 1605 4124 sore

262 4181 395 4254 minime
421 4181 617 4265 dubitabat,
653 4182 714 4274 qui
750 4184 890 4251 Romam
927 4199 1094 4274 tanquam
1121 4175 1157 4247 in
1192 4195 1328 4266 portum
1362 4173 1606 4268 confugerent,

265 4323 335 4392 qua
356 4302 431 4390 ipsa
454 4303 497 4372 de
522 4323 643 4372 caussa
668 4301 820 4389 portoria
845 4299 1044 4392 reliquaque
1070 4297 1243 4390 vcc‘ligalia
1280 4297 1457 4389 plurimum
1490 4294 1609 4365 immi-

265 4421 361 4490 nuit.
383 4423 458 4490 Hoc
484 4421 586 4492 bono·
601 4421 825 4517 gubernatore
849 4421 954 4492 crevit
981 4419 1064 4491 adeo
1085 4445 1140 4491 res
1170 4421 1350 4512 Romana,
1372 4435 1411 4488 ut
1432 4433 1507 4488 cn'm
1522 4413 1608 4486 mul·

265 4538 292 4612 ti
319 4535 399 4613 illuc
423 4541 644 4614 confluerent
672 4561 715 4612 ex
740 4542 896 4616 universa
920 4539 1039 4632 ltalia,
1064 4547 1096 4611 st
1125 4539 1323 4636 praesertim
1365 4561 1408 4611 ert
1450 4537 1604 4609 Insubria
