4392 5838
590 681 659 779 29⁶
1374 780 1376 784 ,

507 830 512 840 ·
551 881 557 888 ι
616 809 653 868 tis
670 805 804 883 praemiis
825 805 973 870 Florentia
993 823 1147 882 matarum,
1165 811 1340 896 Pontificiurn
1361 814 1544 879 decretorium
1554 817 1679 893 satiant.
1698 809 1732 883 ὁ·
1750 823 1856 887 rosan

615 911 1006 992 suisseinjuretanonico,
1029 933 1060 974 ut
1081 922 1197 1000 exejus
1218 921 1451 1002 libroapparet,
1473 943 1552 1002 quent
1585 924 1621 984 de
1652 941 1792 1004 potestate
1813 930 1866 987 Pa·

620 1035 671 1096 pae
693 1021 721 1076 dc
743 1017 877 1081 Consilii,
892 1023 1072 1096 conscripsit.

542 1117 612 1194 (83)γ
634 1121 719 1180 Vides
741 1143 784 1178 me
805 1124 924 1182 adscribi
952 1144 1043 1182 eonem
1073 1127 1245 1196 tententiae,
1266 1131 1316 1206 qui
1335 1133 1501 1192 contendunt
1521 1114 1665 1194 diloricati
1688 1135 1803 1192 nirniusn
1826 1135 1868 1193 ina
1955 1110 1970 1210 Ι,

623 1226 740 1283 dulsitse
760 1221 878 1284 Leonem
900 1227 929 1284 t'n
951 1208 1367 1308 sonantioribusepularibus.
1386 1237 1549 1296 Matthaeus
1564 1252 1658 1298 tamen
1678 1215 1871 1298 Herculanius

557 1349 563 1361 ·
623 1349 650 1386 se
674 1328 748 1386 nrntr
767 1329 797 1386 nt
819 1330 863 1388 nn
884 1332 978 1390 vrttes
999 1333 1053 1390 nist
1071 1335 1201 1408 pulicum
1223 1325 1258 1396 a
1276 1355 1363 1413 gnae
1394 1351 1534 1396 testatur.
1566 1339 1620 1398 Aa
1650 1319 1743 1400 istm.
1770 1341 1869 1400 nanto

621 1429 717 1490 studio
739 1432 912 1498 tenebatur,
934 1448 1022 1492 utne
1044 1435 1139 1517 ipsum
1160 1438 1277 1519 quidem
1301 1441 1447 1520 epularum
1470 1457 1583 1524 tempus
1606 1443 1667 1503 sine
1697 1461 1794 1504 nostra
1814 1443 1869 1502 uti-

624 1537 705 1594 litate
726 1540 931 1620 praeterrolare
951 1538 1047 1612 sinat,
1069 1540 1148 1622 quod
1168 1561 1229 1602 non
1250 1563 1335 1612 auro,
1359 1561 1513 1626 argentove
1535 1543 1645 1608 refertis
1676 1547 1787 1618 abacis,
1811 1567 1871 1606 non

623 1641 745 1724 pretiosa
765 1643 944 1725 supellectile
965 1644 1114 1726 exquisitis
1135 1646 1258 1728 ingeniis
1279 1666 1450 1728 apparatus,
1474 1647 1645 1710 ferculorum
1668 1649 1874 1732 pompiadmi-

627 1763 720 1813 ratos,
743 1743 908 1827 defixosque
930 1766 982 1806 nos
1003 1763 1101 1815 tenet.
1122 1749 1170 1808 sed
1193 1770 1259 1808 cum
1280 1751 1413 1812 convivis
1442 1760 1471 1811 dr
1501 1749 1753 1813 circumstantibus
1783 1751 1874 1833 lepide

625 1847 798 1930 comiterque
820 1848 924 1928 habitis
941 1851 1121 1912 sermonibus
1143 1872 1201 1912 non
1222 1852 1258 1912 de
1278 1854 1359 1914 inani
1381 1855 1495 1938 letique
1519 1857 1658 1926 materia,
1680 1856 1730 1916 sed
1749 1858 1876 1924 deDeo.

625 1969 739 2022 natura,
760 1951 863 2020 sacris,
886 1956 971 2030 jure,
992 1952 1121 2035 legibus,
1143 1956 1226 2026 vita,
1250 1957 1396 2028 moribus,
1428 1959 1550 2020 aliorum
1583 1960 1688 2042 gestis,
1721 1939 1892 2040 ceterisque*⁴

617 2054 724 2123 rebus,
745 2075 817 2137 quae
837 2077 964 2118 summae
985 2056 1179 2128 eruditionis,
1202 2079 1234 2119 ac
1255 2060 1422 2142 perspicacis
1444 2060 1554 2144 lngenii
1575 2062 1763 2144 inquisitione
1774 2061 1877 2144 dignae

626 2159 704 2220 nisae
724 2156 850 2220 luerint.
871 2161 937 2218 Non
953 2160 1101 2224 absimilia
1122 2183 1236 2224 narrare
1258 2167 1368 2226 uidetur
1387 2167 1522 2240 Rapitur!
1552 2165 1780 2234 Brandoliniur,
1801 2169 1878 2242 iique

624 2264 747 2340 sortasse
768 2279 890 2341 tempora
912 2265 967 2324 illa
985 2281 1183 2340 respexerunt,
1205 2269 1303 2361 quibus
1324 2268 1382 2326 Leo
1404 2271 1533 2345 privatus
1548 2251 1635 2338 erat,
1665 2271 1815 2348 quibusque
1837 2273 1881 2329 ira

622 2367 723 2443 santae
738 2370 875 2438 servivit,
897 2383 927 2428 ut
951 2371 995 2432 aii
1015 2373 1070 2431 nisi
1091 2372 1281 2442 moderatum,
1301 2373 1455 2450 pudicum,
1478 2361 1670 2454 &graecia
1695 2375 1775 2434 illius
1796 2375 1877 2432 dom

636 2488 812 2548 appareres.
883 2539 887 2546 ³
945 2503 947 2510 ·
1321 2473 1324 2478 ’

545 2569 617 2659 (⁸4)
639 2575 807 2638 Matthaeus
827 2578 1034 2648 Herculanus,
1056 2578 1105 2656 qut
1126 2597 1208 2656 saepe
1229 2573 1572 2667 intereratsumiliuribus
1587 2581 1736 2659 colloquiis
1757 2583 1881 2652 Leonis,
1951 2619 1956 2626 ·

629 2671 698 2742 haec
718 2684 805 2762 dees
820 2699 942 2744 nonar.
963 2686 1027 2767 lpss
1048 2683 1209 2745 laxamenta
1231 2703 1362 2745 curarum
1385 2681 1521 2744 honesta:
1544 2702 1604 2744 non
1625 2683 1704 2744 enim
1722 2683 1768 2745 rel
1785 2683 1880 2746 consi·

628 2789 720 2858 liunt,
742 2787 789 2848 vel
809 2786 978 2871 ingenium,
1001 2787 1047 2848 rel
1071 2805 1165 2856 amas,
1188 2787 1233 2848 rel
1255 2784 1470 2848 Pontificalium
1493 2806 1582 2868 opum
1603 2785 1752 2850 affluentia
1777 2788 1810 2848 in
1831 2787 1881 2848 ob·
1903 2792 1907 2800 '

566 2935 569 2940 -
629 2911 731 2958 scaena
751 2891 870 2960 solatia,
890 2909 1042 2975 turpesque
1064 2894 1244 2974 voluptates.
1269 2894 1315 2952 rel
1335 2891 1387 2974 qui
1416 2889 1557 2952 desidiam
1591 2907 1765 2973 sequuntur,
1788 2893 1884 2962 lusus,
1935 2923 1945 2947 s

628 2997 780 3060 sublimem
801 2994 930 3058 aniinutn
952 2996 1134 3077 deiecerunt,
1156 3015 1205 3058 sut
1225 2997 1256 3056 in
1278 2995 1396 3056 delicias
1412 2995 1599 3078 detorquent,
1622 2994 1672 3054 sed
1693 3013 1787 3056 rerum
1818 3014 1898 3052 mo«

627 3103 703 3164 libus
722 3103 868 3164 interdum
885 3101 1059 3182 ,namnetum
1085 3121 1163 3164 nunc
1184 3100 1328 3164 varisrum
1359 3121 1464 3162 vocum
1496 3099 1663 3167 suarnaima
1690 3098 1883 3167 modulatio,

587 3225 590 3232 ·
630 3207 707 3268 nunc
729 3227 865 3268 sonorum
886 3206 1018 3268 armonia
1038 3191 1169 3290 excepit.
1192 3223 1251 3266 non
1273 3203 1409 3266 mollibus
1430 3205 1504 3276 illis,
1533 3203 1746 3288 impudicisque
1766 3201 1884 3262 condies

630 3309 746 3378 modis,
766 3309 869 3392 quibus
889 3309 962 3370 olim
983 3307 1112 3379 theatra.
1133 3327 1249 3380 scease,
1274 3306 1335 3370 lora
1363 3308 1596 3391 perstrepebant,
1623 3306 1673 3368 sed
1701 3304 1805 3388 quibus
1829 3301 1886 3364 Dei

633 3411 731 3475 laudes
750 3408 896 3483 canimus,
919 3409 1080 3494 quibusque
1111 3401 1255 3474 sacrorum
1271 3410 1472 3472 'caerimonias
1501 3410 1673 3473 honoramus
1696 3451 1705 3470 .
1732 3407 1881 3470 interdum

633 3518 722 3580 etiarn
742 3517 867 3579 venandi
885 3515 1014 3578 studium
1035 3517 1067 3577 in
1088 3516 1177 3578 lustra
1202 3516 1346 3596 saltusque
1373 3513 1509 3582 abducit.
1530 3533 1590 3576 non
1621 3529 1682 3576 tam
1710 3511 1827 3594 quidem
1854 3524 1889 3574 ut

634 3616 708 3680 feras
726 3615 877 3690 conficiat,
899 3639 986 3702 quam
1009 3619 1129 3680 atinde
1150 3618 1337 3702 postmodum
1358 3618 1485 3701 corporis
1505 3619 1592 3680 simul
1614 3622 1642 3675 st
1671 3617 1761 3676 animi
1794 3612 1887 3696 agite·

606 3783 613 3794 ,
636 3723 737 3794 tione,
756 3721 837 3804 quasi
857 3722 1001 3784 mnoratis
1022 3722 1150 3793 viribus,
1171 3721 1301 3805 vegetior
1322 3722 1469 3806 acriorque
1488 3721 1521 3782 in
1542 3719 1732 3782 Pontificales
1755 3715 1889 3802 gravissi·

639 3848 701 3890 mas
721 3845 801 3888 cums
821 3825 976 3896 relabatur,
995 3824 1045 3884 sed
1066 3831 1095 3886 st
1114 3824 1259 3886 interdum
1281 3845 1317 3886 ne
1338 3845 1396 3907 quo
1419 3846 1546 3908 unquam
1569 3824 1709 3906 temporis
1742 3835 1898 3894 momento

640 3953 659 3994 a
678 3929 843 3992 mortalium
864 3928 1025 4015 commodis
1046 3927 1173 3988 animam
1195 3949 1328 3990 scotasse
1349 3945 1450 4012 puter,
1472 3929 1581 3990 vicinas
1603 3924 1888 4010 urbecingreditur,

623 4035 747 4118 oppida
766 4014 930 4104 inter-risit,
952 4039 980 4094 lc
1001 4033 1133 4117 gentium
1154 4031 1302 4093 desideriis
1324 4031 1464 4100 occurrit,
1485 4038 1513 4090 br
1535 4031 1559 4090 ai
1580 4029 1656 4112 aegri
1678 4025 1788 4109 aliquid
1809 4027 1839 4085 in
1859 4025 1894 4084 iia

558 4131 563 4139 ’
641 4141 699 4210 sit,
718 4138 895 4202 curationem
917 4136 1052 4198 adhibet.
1073 4137 1215 4219 Equidem
1236 4155 1301 4198 cum
1324 4135 1415 4195 multa
1436 4139 1464 4194 bt
1486 4133 1628 4201 maxima,
1652 4131 1891 4192 &admiratione

642 4261 756 4303 summa
775 4241 944 4325 dignissima
964 4239 1088 4302 libenter
1116 4240 1366 4306 commemorarint
1395 4246 1424 4299 da
1454 4238 1655 4303 meminerim,
1677 4235 1769 4315 'super
1793 4233 1894 4294 omnia

647 4362 746 4408 tamen
766 4363 809 4408 est
828 4347 930 4408 ceteris
950 4349 1064 4409 eximiis
1086 4343 1241 4410 virtutibus
1262 4344 1456 4416 continentiae
1485 4327 1663 4402 incredibilis
1695 4337 1804 4430 adjeila
1833 4335 1901 4404 ris,

648 4468 720 4530 quae
741 4449 811 4510 adeo
831 4445 1015 4512 circumfusas
1035 4450 1163 4530 undique
1179 4449 1306 4517 sensibus
1323 4449 1482 4528 voluptates
1492 4443 1672 4528 perdomuit,
1690 4437 1901 4524 perflegitque.

656 4565 689 4611 ut
708 4569 768 4612 non
788 4566 867 4612 ertra
887 4550 1037 4612 libidinem
1060 4551 1167 4620 modo,
1189 4550 1239 4611 sed
1261 4559 1288 4610 sc
1309 4551 1388 4633 quod
1409 4571 1472 4613 raro
1494 4549 1546 4609 ulli
1577 4546 1719 4628 contigit,
1751 4559 1832 4601 extra
1861 4539 1901 4600 fa-

558 4701 561 4710 .
595 4665 598 4670 ’
644 4673 721 4740 mana
741 4654 886 4730 libidinis,
909 4658 1012 4720 tamin
1032 4653 1224 4732 Pontificatu,
1246 4657 1373 4739 quanin
1389 4649 1608 4716 omnisnzesns
1629 4647 1727 4712 ritssc
1743 4664 1896 4715 conseres·
