4386 5838
624 658 740 735 ‘tos'
879 642 886 652 '
1016 648 1341 730 tabu-1
1390 653 1525 730 snt.

497 814 504 842 ·
548 855 555 875 J
581 777 708 854 dorem
733 773 877 852 maxime
899 772 1005 852 fuisse
1029 782 1169 871 putabat
1187 828 1196 848 .
1217 779 1355 850 Monuit
1379 785 1412 851 ar
1438 780 1599 870 Legatum
1613 825 1626 861 ,
1658 797 1694 852 ut
1722 782 1912 856 exercitum

583 929 682 978 suurn
706 919 924 975 conservaret
950 905 982 971 δι
1007 917 1160 990 tegeret,
1184 923 1300 971 omnes
1327 902 1362 970 in
1387 901 1498 970 officio
1524 898 1578 970 vel
1608 900 1734 986 minis,
1755 903 1810 973 vel
1836 927 1913 993 pro·

582 1025 694 1096 missis
720 1024 907 1100 retineret,
930 1043 998 1114 quo
1023 1020 1237 1112 integerrima
1262 1040 1374 1090 essent
1398 1017 1511 1090 omnia
1530 1017 1585 1090 vel
1622 1019 1663 1090 ad
1689 1044 1804 1111 pacem
1831 1043 1913 1092 cort·

583 1144 793 1229 ciliandam,
820 1141 875 1214 vel
902 1141 943 1210 ad
968 1139 1092 1211 bellum
1116 1141 1409 1234 prosequendum:
1435 1165 1555 1233 magna
1580 1164 1616 1212 se
1641 1164 1713 1212 esse
1736 1144 1769 1212 in
1803 1162 1913 1230 expe-

584 1264 734 1334 diatione
768 1286 937 1334 novorum
967 1261 1217 1340 subsidiorum,
1242 1261 1379 1350 suisque
1403 1252 1592 1332 recentibus
1630 1260 1795 1330 beneficiis
1832 1282 1918 1348 pro-,

579 1385 738 1455 meritum
763 1409 800 1458 se
826 1408 923 1468 esse,
948 1401 989 1456 ut
1014 1385 1055 1456 ab
1079 1382 1151 1474 ipso
1177 1381 1351 1452 Gallorum
1377 1383 1467 1472 Rege
1491 1380 1620 1454 validas
1643 1387 1726 1468 opes
1749 1399 1840 1452 esset
1860 1404 1915 1452 ac·

577 1522 761 1594 capturus.
1963 1595 1967 1600 Ι

677 1615 822 1754 Feltiius
845 1628 909 1698 etsi
928 1624 1039 1716 magni
1054 1625 1216 1697 interesse
1242 1625 1405 1716 putabat,
1430 1647 1517 1716 quae
1541 1639 1770 1713 occupaverat
1794 1617 1912 1692 desen·

580 1747 686 1832 dere,
712 1753 746 1819 bt
771 1748 902 1819 vieinas
929 1749 1051 1834 urbes,
1077 1772 1164 1840 quae
1189 1765 1283 1818 erant
1309 1747 1343 1814 in
1367 1765 1429 1816 ora
1451 1745 1644 1824 maritima,
1669 1765 1748 1812 suas
1774 1741 1911 1821 facere,

523 1959 527 1967 .
579 1885 619 1936 ut
640 1865 854 1938 satisfaceret
868 1887 992 1940 ,tamen
1017 1867 1204 1950 militibus,
1231 1867 1354 1956 quibus
1384 1889 1420 1935 se
1446 1867 1561 1936 omnia
1600 1863 1721 1934 debere
1760 1862 1911 1946 dicebat,

576 1985 766 2080 quibusque
793 1985 881 2058 nihil
906 1988 1058 2078 optatius
1084 2006 1156 2058 erat
1178 1987 1214 2056 in
1228 2009 1350 2077 magna
1374 2003 1446 2073 tum
1471 1987 1644 2075 pecuniae,
1668 2003 1738 2054 tum
1754 2003 1912 2052 annonae

576 2103 799 2198 difficultate,
826 2131 927 2198 quam
954 2107 1094 2195 praedas
1121 2129 1249 2198 agere,
1274 2106 1395 2177 statuit
1418 2129 1477 2178 eos
1505 2107 1542 2176 in
1563 2105 1731 2178 Etruriam
1761 2103 1910 2174 ducere.

578 2225 816 2312 Discedentem
842 2225 992 2296 universi
1018 2225 1241 2296 cohortantur
1273 2247 1398 2317 magno
1423 2226 1467 2296 sit
1502 2226 1639 2312 animo,
1663 2248 1746 2294 -neu
1779 2221 1912 2292 dubitet

576 2345 696 2417 hostes
714 2346 806 2416 domi
827 2345 977 2433 adoriri,
992 2351 1026 2419 dt
1052 2369 1191 2418 suorum
1211 2347 1311 2418 fidem
1328 2345 1558 2436 virtutemque
1571 2345 1734 2435 experiri.
1760 2344 1804 2414 llt
1825 2365 1913 2434 quas

577 2462 660 2535 fides
685 2464 803 2537 haberi
828 2484 963 2555 poterat
987 2467 1204 2552 hominibus,
1229 2466 1288 2559 qui
1313 2463 1403 2537 illam
1429 2487 1527 2555 saepe
1563 2463 1803 2548 violaverant,
1839 2461 1914 2554 qui·

580 2607 648 2678 que
671 2607 734 2656 nec
758 2586 911 2676 pudore,
940 2607 1004 2658 nec
1029 2581 1123 2658 metu
1148 2587 1350 2658 tenebantur
1391 2585 1434 2657 ad
1465 2584 1609 2677 quodvis
1651 2581 1762 2656 scelus
1789 2603 1914 2673 perpe·

573 2702 767 2778 trandum?
791 2706 968 2790 Aderant,
995 2706 1120 2798 quide
1152 2705 1211 2776 illo
1236 2706 1412 2798 prodendo
1436 2729 1517 2776 cum
1544 2703 1728 2777 Laurentio
1760 2701 1914 2774 Mediceo

575 2845 737 2918 egerant,
760 2825 857 2922 cujus
882 2829 931 2900 rei
954 2827 1145 2901 certissima
1167 2829 1313 2902 habebat
1335 2829 1563 2902 documenta.
1587 2829 1671 2900 Rern
1706 2823 1750 2896 ad
1783 2821 1928 2930 erterci·x

570 2963 649 3028 aum
673 2941 823 3030 detulit,
849 2965 1031 3038 postquam
1054 2951 1116 3015 iter
1142 2951 1314 3018 Perusiam
1337 2969 1458 3020 versus
1484 2949 1614 3020 faciens
1643 2948 1679 3019 in
1704 2943 1848 3040 Eugubii
1873 2968 1914 3018 a·

573 3089 674 3160 grum
697 3063 876 3158 pervenit.
901 3063 995 3136 lllius
1031 3064 1068 3136 in
1093 3085 1129 3134 se
1157 3066 1276 3137 merita
1300 3065 1419 3138 multis
1443 3069 1555 3140 verbis
1578 3065 1789 3157 praedicavit
1798 3085 1912 3158 ,quae

462 3245 464 3252 .
573 3211 641 3260 sua
676 3185 912 3278 expectatione
946 3207 1076 3280 suaque
1115 3183 1257 3258 fortuna
1290 3186 1420 3279 majora
1450 3208 1525 3259 esse
1558 3185 1670 3274 dixit,
1712 3187 1913 3279 rogavitque

571 3306 705 3397 ipsum,
729 3308 761 3379 si
784 3307 1019 3421 suixbenelicii
1043 3305 1258 3398 poeniteret,
1281 3305 1413 3392 vitam,
1441 3303 1537 3398 cujus
1564 3327 1600 3378 se
1625 3311 1690 3402 jam
1708 3299 1710 3304 ’
1730 3305 1915 3398 toedebat,

573 3426 643 3498 sibi
663 3427 847 3515 adimeret,
866 3427 947 3501 dum
970 3449 1014 3498 ne
1039 3427 1073 3500 in
1097 3445 1300 3519 potestatem
1323 3425 1542 3518 impurissimi
1562 3427 1674 3500 hostis
1700 3429 1854 3514 caderet,
1876 3431 1912 3500 δι
1985 3417 1987 3420 ’

569 3569 619 3624 ate
644 3547 687 3620 ad
711 3545 951 3622 contumeliam
980 3547 1146 3621 honorem
1170 3545 1304 3620 dedisse
1331 3549 1523 3624 videretur.
1555 3551 1636 3644 Qua
1656 3551 1810 3626 oratione
1835 3573 1911 3642 per·

572 3671 660 3742 moti
683 3669 808 3742 milites
844 3668 1014 3742 dicentem
1038 3669 1319 3761 interpellavere,
1343 3687 1383 3742 nt
1415 3693 1643 3765 magnorum
1680 3671 1799 3746 dolore
1832 3671 1909 3745 inli-

574 3785 727 3864 delitatis
761 3789 990 3881 suspicionem
1013 3792 1179 3866 sustinere
1203 3791 1418 3866 viderentur.
1440 3793 1538 3885 Quos
1561 3813 1646 3864 veto
1670 3791 1754 3864 dixit
1781 3795 1915 3884 ¹proba·

575 3909 698 4004 vitque
717 3931 793 3983 esse
809 3911 1014 4001 proditionis
1038 3934 1137 3998 reos,
1162 3913 1417 4002 Maidonatutn,
1431 3915 1635 3996 Suaresium,
1659 3909 1815 4006 aliosque
1830 3933 1914 4003 pau·
1958 4005 1964 4012 ἱ

572 4047 639 4114 sos
663 4030 769 4104 duces
793 4031 908 4106 statim
945 4051 1056 4107 morte
1092 4030 1323 4107 uulnerum.
1346 4039 1443 4110 Mens
1485 4053 1559 4108 erat
1590 4032 1718 4106 Falerio
1741 4032 1913 4108 Perusiam

570 4148 650 4222 eine
674 4171 770 4224 mora
795 4152 952 4244 adoriri,
977 4157 1075 4252 cujus
1100 4154 1304 4241 consilium,
1329 4177 1407 4228 cum
1445 4153 1692 4244 praevidissent
1725 4151 1934 4242 Pontifici,

573 4266 743 4368 eniserunt
766 4293 809 4342 eo
831 4277 880 4344 lo.
904 4272 1057 4348 Paullum
1077 4274 1298 4362 ballionium,
1311 4279 1346 4347 bt
1360 4273 1539 4348 Camillum
1562 4273 1735 4348 Ursinium
1759 4295 1835 4344 cum
1852 4271 1915 4345 mi·

574 4383 673 4472 litum
698 4411 820 4464 manu.
845 4393 1052 4468 Praesidium
1076 4417 1211 4488 quoque
1235 4415 1425 4487 posuerunt
1449 4394 1659 4488 Tiferni,‚&
1681 4391 1910 4482 Laurentius,¹
1975 4481 1977 4484 Ι

569 4503 640 4600 ‚qui
671 4524 715 4582 ex
753 4505 892 4586 sunere
918 4513 987 4619 jam
1012 4510 1275 4616 Ιςοιιχιίιιοται,
1305 4519 1444 4598 mutatis
1480 4517 1522 4596 ad
1558 4515 1766 4597 celeritatem
1788 4509 1910 4608 equis,
1976 4499 1997 4546 “⁴
