4472 5828
645 628 770 698 rs.
1029 594 1555 694 taurinen(

594 749 627 816 δι
653 740 846 816 Vitellotius
872 739 1028 814 Vitellius
1054 740 1233 814 Tifernas.
1259 742 1303 812 Hi
1328 764 1446 814 omnes
1471 740 1605 834 patriae
1628 737 1847 828 tyrannidem
1872 759 1929 810 oe·

568 898 570 904 ·
594 881 823 958 cupaverant,
849 881 955 954 utque
977 845 1103 935 morem
1129 862 1316 954 expellendi
1339 861 1500 934 dominos
1524 861 1803 938 ulciscerentur,
1828 879 1941 958 seque·

592 989 696 1078 magis
721 985 897 1078 magisque
921 985 955 1054 in
979 983 1157 1053 dominatu
1183 983 1447 1070 confirmarent,
1472 980 1618 1054 consilia
1643 981 1684 1052 de
1718 976 1940 1050 restituendo,

545 1174 548 1178 .
592 1109 694 1178 Petro
719 1107 802 1178 inire
828 1122 1041 1195 coeperunt.
1065 1106 1174 1198 Hujus
1198 1101 1275 1174 belli
1298 1105 1384 1177 duce
1410 1093 1586 1176 Vitellotio
1610 1123 1751 1174 strenuo
1779 1123 1861 1170 sane
1880 1099 1933 1170 vi·

596 1249 657 1313 ro,
683 1232 716 1298 dr
742 1223 859 1296 multis
884 1225 1076 1296 nominibus
1102 1225 1307 1298 Florentinis
1344 1224 1588 1308 infestissime,
1624 1225 1683 1316 qui
1707 1199 1754 1294 'se
1793 1217 1937 1292 fraterni

595 1346 773 1438 sanguinis
797 1344 944 1418 ultorem
969 1343 1044 1415 fore
1069 1345 1179 1435 palam
1204 1341 1376 1418 diflitabat
1401 1344 1588 1433 (Paullum
1613 1345 1703 1416 enim
1736 1338 1936 1428 Vitellium,

591 1464 811 1554 Reipublicae
839 1466 1033 1556 copiarum,
1052 1465 1160 1536 'sicuti
1187 1466 1354 1556 diximus,
1377 1467 1638 1558 imperatorem,
1661 1463 1722 1557 qui
1746 1463 1795 1534 eis
1819 1455 1935 1530 Pisani

591 1581 672 1658 belli
696 1605 816 1656 caussa
840 1585 874 1656 in
894 1585 1124 1676 suspicionem
1144 1588 1237 1659 nullo
1258 1608 1322 1659 suo
1343 1585 1465 1659 delidlo
1481 1605 1641 1670 venerat,
1663 1575 1934 1667 interfecerant)

590 1701 728 1778 fautore
751 1704 853 1775 etiam
878 1708 1023 1781 Caesare
1045 1689 1198 1800 Borgia,
1223 1709 1282 1801 qui
1306 1732 1348 1782 ex
1372 1707 1486 1795 odiis,
1510 1705 1682 1790 dissidiis,
1708 1697 1931 1776 seditionibus

589 1822 758 1918 privatis,
774 1818 985 1915 publicisque
1008 1824 1256 1898 calamitatibus
1273 1823 1430 1903 fortunas
1445 1851 1524 1901 suas
1538 1849 1659 1923 augere
1676 1849 1712 1896 se
1732 1845 1834 1914 posse
1854 1843 1931 1910 spe·

592 1946 707 2031 rabat,
722 1942 828 2015 multa
853 1965 1013 2034 prospere
1030 1947 1145 2016 statim
1164 1969 1332 2035 evenere,
1358 1954 1392 2022 Gr
1406 1950 1581 2036 Aretium,
1601 1935 1779 2030 Cortona,
1801 1940 1932 2032 aliaque
1997 2014 1999 2018 ,

592 2061 713 2137 vicina
738 2065 781 2134 iis
811 2065 950 2136 urbibus
975 2066 1102 2156 oppida
1128 2067 1164 2138 in
1198 2069 1453 2144 foederatorum
1482 2087 1689 2162 potestatem
1715 2065 1935 2138 ceciderunt.

594 2184 729 2278 Quibus
752 2183 960 2258 Florentiam
984 2189 1181 2278 nunciatis,
1206 2207 1324 2261 tantus
1348 2207 1486 2282 repente
1504 2211 1613 2262 terror
1633 2187 1761 2260 invasit
1776 2237 1786 2272 ,
1803 2201 1841 2254 ut
1861 2204 1932 2252 non

595 2302 760 2392 paucies
785 2307 886 2396 urbe,
909 2308 1048 2398 perinde
1070 2333 1110 2380 ac
1133 2308 1163 2380 si
1186 2309 1298 2379 hostis
1314 2307 1457 2378 ultionis
1473 2308 1677 2399 percupidus
1696 2307 1785 2395 intra
1800 2301 1935 2372 moenia

594 2439 708 2508 ‘sset’
734 2422 948 2520 aufugerint,
966 2448 1191 2523 omnesque,
1217 2447 1256 2498 ut
1286 2427 1322 2497 in
1349 2449 1386 2498 re
1414 2427 1568 2517 trepida,
1600 2425 1682 2518 quid
1709 2421 1846 2493 consilii
1871 2445 1933 2492 ca-

591 2541 753 2633 piendum
790 2565 880 2618 esset
908 2547 1128 2640 ignorarent.
1156 2551 1253 2618 Unus
1281 2548 1442 2619 inventus
1473 2566 1525 2618 est
1557 2548 1675 2616 Petrus
1702 2533 1932 2624 eodemne,

591 2664 703 2756 quise
725 2666 768 2738 ad
786 2662 960 2738 Gallorum
980 2668 1125 2758 Regem,
1152 2667 1212 2760 qui
1234 2667 1270 2736 in
1286 2665 1494 2756 Cisalpinam
1515 2665 1662 2735 Galliam
1680 2679 1840 2744 venerat,
1866 2660 1934 2728 itu·

594 2807 670 2856 rum
699 2783 888 2858 declaravit
912 2785 1051 2875 petendi
1079 2803 1185 2876 atque
1203 2788 1325 2860 orandi
1349 2809 1491 2874 caussa,
1524 2803 1567 2855 ut
1586 2781 1788 2874 reipublicae
1812 2779 1935 2850 snbve-

590 2903 706 2990 nitet,
732 2904 830 2998 cujus
852 2903 1030 2977 voluntate
1060 2904 1278 2994 collaudata,
1299 2931 1364 2978 nec
1388 2908 1547 2998 segniter,
1574 2926 1637 2974 nec
1663 2901 1777 2974 timide
1804 2897 1932 2988 patriae

593 3043 750 3098 caussam
778 3023 865 3114 egit.
900 3013 1027 3094 Eodem
1051 3043 1201 3112 tempore
1232 3025 1392 3094 hortatus
1427 3043 1480 3093 est
1510 3023 1624 3118 ¹ciues,
1660 3045 1703 3092 ne
1736 3017 1848 3088 animo
1873 3015 1935 3084 de-

593 3137 755 3228 ficerent,
782 3164 938 3235 quaeque
962 3141 1045 3224 ,risui
1069 3159 1183 3214 essent
1208 3141 1250 3214 ad
1274 3139 1521 3214 defendendam
1547 3141 1721 3216 ciuitatem
1737 3151 1936 3228 pararent.

588 3259 666 3348 Ι1ῖίιὶ
685 3284 767 3331 sane
793 3257 984 3354 eloquentis
1012 3263 1085 3331 Rex
1110 3279 1294 3348 permotus
1322 3261 1505 3348 oratione,
1533 3257 1742 3332 Praefeelnm
1767 3279 1844 3328 cum
1880 3251 1936 3326 ala

592 3381 748 3472 equitum
779 3379 949 3473 gravioris
973 3395 1163 3449 armaturae
1199 3378 1407 3454 Florentiam
1435 3381 1549 3465 misit,
1573 3381 1633 3474 qui
1660 3377 1849 3450 declaravit
1874 3375 1939 3442 Re·

591 3519 670 3592 gem
698 3501 807 3600 ipsum
838 3501 995 3572 hostium.
1023 3521 1165 3571 numero
1205 3495 1282 3572 illos
1314 3499 1532 3586 habiturum,
1562 3501 1622 3592 qui
1657 3499 1831 3590 quidpiam
1868 3497 1941 3566 ho-

588 3618 672 3696 stile
700 3622 735 3692 in
769 3619 985 3693 florentinos
1020 3620 1297 3710 committerent,
1327 3625 1361 3693 δι
1392 3621 1549 3711 adempta
1579 3623 1618 3692 iis
1657 3619 1783 3710 oppida
1815 3619 1944 3692 retine·

592 3756 690 3818 tent.
704 3739 810 3844 ¹Quod
821 3739 955 3833 quidem
969 3741 1013 3810 'iis
1028 3739 1180 3813 salutare
1201 3737 1289 3824 fuit,
1304 3737 1457 3814 dedudlis
1472 3765 1520 3811 ex
1530 3741 1639 3829 captis
1654 3740 1791 3812 urbibus
1806 3737 1940 3828 ‚praesi-

591 3859 678 3947 diis,
707 3859 794 3932 adeo
818 3857 970 3932 omnium
996 3862 1128 3934 animos
1156 3861 1333 3936 Gallorum
1363 3883 1474 3936 metus
1500 3878 1750 3951 occupaverat.
1777 3857 1938 3928 Accessit

593 3976 638 4047 ad
663 3977 853 4068 periculum
877 3979 1018 4074 Borgiae
1042 3981 1258 4068 insedelitas,
1283 3983 1342 4076 qui
1367 4008 1437 4076 quo
1456 3981 1599 4056 facilius
1627 3977 1834 4087 infirmiores
1857 3999 1942 4066 pos·

594 4113 649 4179 Set
672 4101 885 4187 opprimere,
911 4101 1080 4174 Ludovici
1108 4104 1211 4196 Regis
1236 4101 1409 4176 voluntati
1433 4128 1469 4176 se
1504 4125 1644 4194 prorsus
1680 4093 1955 4187 obtemperatu-'

591 4238 672 4292 runt
699 4215 904 4290 declaravit.
933 4223 1088 4311 Aretini,
1117 4227 1175 4318 qui
1211 4223 1484 4298 florentinorum
1512 4223 1710 4296 servitutem
1735 4221 1807 4310 pati
1831 4219 1938 4288 mini·

597 4359 652 4420 nte
677 4353 855 4426 poterant,
883 4338 990 4444 mttlta
1019 4366 1102 4411 sane
1129 4346 1167 4413 in
1190 4345 1257 4428 hoc
1282 4343 1370 4416 bello
1391 4314 1767 4436 animosegesserunt,
1794 4357 1833 4416 us
1866 4337 1933 4432 pri·

598 4458 724 4542 stiram
758 4453 948 4530 libertatem
979 4475 1240 4557 tecttperarent,
1271 4485 1406 4556 speque.
1424 4463 1591 4556 retinendi
1616 4461 1803 4535 studiosius
1830 4459 1937 4570 faune
