4372 5842
675 581 705 645 v
799 585 814 653 1
914 585 945 653 T
1043 581 1074 650 Α
1464 585 1538 670 '209

244 701 430 794 spicionem
455 699 664 790 impietatis,
689 702 780 796 quod
800 701 874 772 sine
897 703 1041 774 horrore
1056 697 1279 790 pronunciare
1297 720 1364 772 non
1382 700 1589 792 possumus,

245 826 415 894 Summum
441 823 636 894 Pontificem
661 822 890 895 adducamus.
926 822 1088 916 Equidem
1113 845 1190 895 cum
1215 821 1349 912 propius
1373 822 1445 916 ejus
1472 819 1586 894 anio·

245 965 329 1033 nea,
356 963 532 1034 totamque
559 943 665 1014 vitam
691 943 923 1034 contemplor,
948 943 1030 1014 mihi
1055 946 1217 1018 affirmare
1242 965 1340 1032 posse
1364 942 1480 1016 videor
1498 941 1584 1014 fuis·

244 1087 281 1136 se
306 1062 398 1136 illum
434 1061 789 1146 continentissimum,
825 1068 859 1134 br
897 1060 1066 1154 religionis
1101 1062 1460 1148 observantissimum,
1492 1060 1585 1154 qnod

244 1185 349 1258 stiam
378 1183 577 1256 testimonio
604 1180 734 1274 negidii
760 1181 973 1271 cardinalis,
999 1185 1058 1276 qui
1084 1208 1167 1256 sans
1192 1209 1302 1278 neque
1326 1183 1497 1256 blanditiis
1524 1207 1586 1254 as·

243 1307 563 1398 sentatiorribusque
590 1327 625 1376 se
664 1307 794 1396 penitus
836 1303 1044 1396 immerserat
1079 1305 1115 1376 in
1153 1305 1436 1386 consuetudinem
1470 1304 1584 1394 illius,

243 1424 455 1520 aliorumque
482 1415 665 1500 multorum
691 1427 955 1518 comprobatur.
981 1422 1137 1498 &osello
1161 1428 1189 1496 si
1217 1449 1315 1496 secus
1342 1425 1460 1500 suisset
1475 1472 1489 1508 ,
1513 1428 1590 1496 Lu-

243 1545 384 1630 ruerus,
410 1549 528 1644 quint
552 1549 814 1620 calumniaretur
839 1546 1012 1640 Ecclesiae
1036 1547 1210 1618 Romanae
1230 1545 1412 1634 uectores,
1435 1547 1586 1634 nodumi

241 1648 281 1770 rit
308 1669 433 1759 aium,
460 1670 496 1740 in
519 1670 631 1758 scirpo
657 1669 860 1761 quaerebat,
887 1669 1010 1760 quique
1036 1687 1088 1736 tot
1112 1668 1183 1738 odii
1211 1667 1246 1738 in
1271 1670 1418 1740 Leonem
1444 1689 1590 1748 caussas,

241 1789 411 1874 babebat,
448 1789 583 1860 minime
618 1791 689 1884 eius
717 1789 826 1862 famae
856 1789 1082 1879 pepercisset.
1126 1791 1164 1859 ln
1201 1812 1237 1860 re
1271 1788 1388 1860 divina
1427 1785 1593 1864 facienda,

241 1931 312 1984 non
336 1909 438 1980 semel
462 1911 552 1982 Paris
578 1913 736 1984 Grassins
761 1933 837 1982 eum
863 1909 1092 1981 lacrimantem
1116 1908 1226 1992 vidit,
1263 1909 1324 2000 qui
1350 1913 1383 1981 bt
1417 1906 1502 1978 illud
1528 1925 1583 1977 te-

239 2047 353 2110 statur,
377 2055 474 2133 aegre
501 2032 541 2104 ab
572 2032 631 2104 illo
658 2036 873 2124 impetratum
900 2029 1026 2114 suisse,
1052 2052 1095 2098 ne
1120 2027 1221 2098 nudis
1258 2029 1397 2120 pedibus
1434 2029 1578 2100 incede·

236 2168 289 2220 ret
314 2129 357 2228 in*
374 2150 431 2223 illa
456 2151 731 2242 supplicatione,
766 2175 862 2246 quac,
891 2173 911 2224 a
937 2151 1101 2222 Vaticana
1121 2149 1279 2220 Basilica
1320 2155 1365 2236 ad
1389 2149 1514 2234 Aedem
1547 2149 1578 2222 S.

235 2245 362 2344 Maiiae
389 2246 642 2374 aalblirtervam
667 2269 833 2372 failaest
857 2269 1059 2368 implorandi
1097 2293 1219 2340 caussa
1259 2269 1597 2359 diuinammppm,¹
1652 2255 1656 2264 ¹

235 2391 285 2462 uti
308 2415 411 2484 supra
437 2393 793 2478 commemoravimus,
818 2415 880 2484 pro
906 2392 1176 2486 Chpistianorum
1199 2371 1393 2482 lirincipum
1414 2411 1599 2478 ¹·conc0r·.

201 2535 206 2542 ·
233 2511 312 2600 dia,
337 2517 370 2586 br
395 2487 612 2602 Reipublicae
637 2512 898 2588 incolumitate.
933 2514 1075 2589 Minime
1108 2535 1192 2586 vero
1219 2513 1355 2612 rebatur
1389 2510 1445 2584 ille
1478 2511 1598 2605 quial--

233 2657 333 2728 quam
359 2634 477 2725 pietati
501 2639 535 2706 bt
559 2635 676 2706 decori
703 2639 837 2710 officere
873 2635 1011 2710 liberam
1036 2612 1224 2730 quamdam
1242 2637 1344 2708 animi
1368 2633 1576 2707 obleelatio·
1663 2617 1665 2624 ⁵

233 2778 314 2852 tuem
324 2799 340 2825 .·
359 2759 444 2829 Natu
471 2778 547 2828 curn
574 2755 734 2830 scriberet
759 2755 802 2829 ad
827 2756 1005 2850 Aegidium
1032 2757 1147 2848 ipsum,
1165 2755 1396 2842 cardinalem,
1413 2759 1506 2840 ‚haec
1534 2752 1576 2827 de

231 2899 270 2976 se
295 2875 578 2974 confidentissime
609 2868 720 2978 dixit:
748 2877 967 2973 Arbitrantur·
985 2880 1274 2974 Circumepacit'oni
1300 2895 1376 2984 runa
1402 2879 1573 2972 caganum

232 2977 296 3092 noi
318 3016 461 3091 paterna
477 2995 647 3102 ..charitate
667 2983 835 3094 proiaqui
850 3000 1008 3092 dilacinata
1016 2999 1144 3090 filium,
1158 3001 1360 3084 ,resarcinant
1383 2999 1603 3078 Feruondcs·

230 3117 273 3190 de
299 3120 450 3192 Corduba
475 3173 486 3206 ,
512 3121 659 3194 aliosde
686 3119 841 3202 Melina,
861 3121 1073 3212 familiarem·
1089 3101 1263 3208 nostrum,
1288 3123 1383 3222 cujus
1402 3119 1580 3214 'lepiditate

236 3240 365 3334 ingenii
391 3237 423 3312 b
450 3265 599 3330 morum,
626 3263 711 3338 pune
747 3243 887 3314 maxime
910 3259 1002 3315 aurat
1027 3246 1061 3314 ia
1095 3245 1136 3326 iis
1152 3265 1167 3330 ‚·
1188 3241 1318 3339 quibus,
1348 3241 1600 3344 honestissime

232 3361 341 3432 ocium
366 3361 578 3451 traducitur,
602 3387 687 3444 nos,
712 3379 871 3460 quantun
901 3361 942 3434 ab
968 3365 1081 3436 arduis
1107 3365 1249 3458 negotiis
1275 3364 1438 3444 interdum
1463 3363 1577 3436 disce·

232 3480 310 3554 clere
333 3481 436 3570 licet,
461 3485 545 3558 sutis
569 3465 782 3556 dele'dnmur.
808 3485 913 3577 Quod
938 3487 979 3561 ad
1013 3509 1083 3572 eos,
1099 3508 1183 3558 vero
1222 3485 1369 3567 attinet,
1406 3486 1464 3578 qui
1500 3486 1575 3580 eius

234 3603 446 3698 indulgentia
471 3605 719 3691 abutebantur,
743 3606 816 3699 quis
841 3605 1034 3702 Principum
1058 3609 1173 3682 extitit
1203 3630 1385 3704 unquam,
1424 3607 1485 3698 qui
1521 3604 1579 3680 val

229 3745 364 3808 errore,
388 3724 443 3800 vel
470 3723 575 3798 nimia
600 3743 743 3798 naturae
768 3727 924 3812 bonitate
950 3729 993 3800 ad
1018 3726 1160 3807 aliorum
1175 3727 1357 3804 arbitrium
1376 3728 1572 3822 multamon
1599 3769 1606 3789 .

218 3844 397 3944 gesserit?
422 3851 524 3920 Teste
548 3849 675 3934 Iovio,
697 3870 945 3948 nonnunquam
971 3850 1145 3928 accidebat
1156 3863 1171 3934 ¹,
1203 3867 1263 3934 ut,
1284 3871 1372 3924 cnm
1398 3873 1420 3920 a
1444 3847 1604 3924 Paccio·¹

228 3967 405 4040 Cardiuali
428 3967 804 4058 Poenirentiariae,·ut
828 3971 1041 4066 loquuntur,
1066 3967 1242 4048 Praefeclo
1265 3967 1372 4048 libelli
1387 3968 1429 4043 de
1443 3967 1605 4058 grauis-s·

228 4083 321 4158 simis
347 4090 446 4180 rebus
472 4091 703 4166 subscribendi
726 4091 794 4184 ipsi
818 4094 1100 4185 porrigerentur,
1133 4089 1288 4163 eumdem
1319 4089 1549 4161 obtestaretur
1567 4139 1603 4176 ,-

226 4225 270 4276 ue
292 4230 328 4280 sc
353 4208 564 4306 impudenter
589 4191 623 4281 in
644 4233 792 4288 errorem
816 4211 886 4284 labi
910 4211 1273 4309 pateretur,·quando
1291 4233 1391 4282 ‚mox
1429 4209 1471 4280 ab
1505 4207 1575 4281 all·-

226 4348 296 4417 qua
321 4329 452 4432 enormi
476 4329 698 4424 concessione
724 4332 904 4430 aequitatis
925 4333 1016 4430 lines
1041 4345 1255 4426 transgresso
1278 4331 1493 4422 poenitentia
1512 4331 1570 4399 si-

229 4444 301 4522 tnul
329 4451 364 4522 br
386 4443 530 4524 iufamia
553 4448 776 4535 laborandum
809 4455 1154 4628 “setblrgsseissiess
1188 4453 1299 4532 abfuit
1330 4453 1371 4525 ab
1406 4449 1583 4528 imitando·-
1620 4547 1632 4569 ·
