4372 5842
521 749 530 764 .
682 675 711 740 V
808 678 826 745 1
921 676 952 746 'F
1050 673 1086 744 Α
1477 689 1551 767 'U

270 793 465 870 eruditionis
492 795 554 880 ,dt
592 792 695 868 mirae
730 817 868 885 prorsus
903 795 938 866 in
971 793 1124 866 docendo
1154 793 1422 868 dexteritatis&
1452 791 1594 887 diligen·

267 923 332 990 tiae
353 917 445 1007 ,qui
473 939 553 986 cum.
578 939 615 992 ¹se
645 917 841 1004 praesertim
871 915 1113 986 mathematicis
1142 913 1325 1006 disciplinis
1362 913 1600 1000 tradidisset,

271 1042 333 1110 has
373 1055 469 1121 nort,
495 1053 537 1104 ut
556 1051 627 1102 tum
653 1033 839 1122 permulti,
863 1034 1023 1116 barbare,
1048 1035 1107 1104 sed
1131 1033 1186 1106 vel
1211 1039 1361 1122 Graece,
1396 1034 1451 1106 vel
1476 1034 1642 1104 Latina·

267 1162 349 1232 satis
377 1157 490 1248 polite
510 1154 687 1243 disci-pulis
719 1155 936 1243 exponebat.
960 1155 1083 1224 Leonis
1108 1178 1249 1247 quoque
1260 1156 1452 1247 benignitas
1476 1179 1603 1246 prover
1679 1233 1685 1243 ,

267 1284 318 1350 xit
355 1279 469 1350 studia
496 1273 704 1347 10.Genesti
729 1273 1124 1361 Sepulve.lae..hnminis
1157 1279 1322 1368 Hispani,
1352 1279 1422 1368 qut«
1437 1277 1601 1365 Graecis,

267 1401 471 1496 Eatirrisque·
489 1395 610 1471 litteris
633 1449 641 1473 ,
666 1395 708 1464 in.
724 1392 905 1485 primisque
933 1393 1154 1485 philosophia.
1171 1402 1203 1470 dr
1230 1399 1401 1490 theologia
1426 1417 1497 1468 erat
1525 1421 1607 1470 eru·
1672 1375 1675 1384 .

265 1520 358 1592 ditus
385 1565 398 1598 ,
422 1520 524 1608 eique
556 1515 670 1586 audlor
697 1512 762 1584 suit
787 1567 798 1599 ,
821 1535 964 1586 uacum
995 1514 1068 1588 aliis
1094 1520 1240 1592 cordatis
1274 1522 1356 1596 viris
1393 1520 1620 1594 adlaboraret‘

266 1643 310 1713 in.
326 1639 524 1729 depellendi
549 1662 568 1706 a
594 1631 840 1706 florentissimo
868 1658 972 1732 regno
996 1635 1171 1715 barbarie,
1187 1661 1288 1728 quam
1309 1663 1368 1730 per
1394 1638 1471 1712 odio
1497 1640 1609 1712 ferme¹

273 1757 417 1833 saecula.
444 1756 596 1830 aluerant
620 1755 728 1825 Mauri
755 1808 765 1839 ,
785 1755 969 1838 Saraceni,
994 1757 1174 1848 &reliqui
1198 1760 1359 1842 Arabes,
1396 1762 1453 1852 qui
1480 1761 1514 1831 in
1540 1761 1598 1830 illo

276 1880 531 1968 imperitarunt.
556 1879 738 1948 Memoriae
768 1879 914 1968 prodidit
940 1877 1124 1966 G'yrahlius
1162 1903 1239 1950 non.
1258 1877 1349 1950 hunc
1375 1879 1517 1964 modo,
1551 1880 1624 1950 sedi

279 2004 314 2072 dt
340 1997 425 2070 alios
446 1998 570 2069 multos
596 2021 638 2068 ex
663 1998 788 2070 eadem.
804 1999 970 2082 natione,
1004 2000 1218 2085 Britannos,
1253 2005 1286 2072 δι
1309 2004 1533 2081 Germanos,
1568 2021 1620 2070 ert

283 2121 376 2192 omni
400 2121 553 2212 denique
576 2119 715 2212 regione
756 2137 967 2210 praestantes
997 2118 1132 2210 iugenio
1156 2120 1311 2191 homines
1339 2099 1480 2191 Romam
1500 2171 1509 2198 ,
1528 2120 1614 2191 Leo·

283 2267 325 2313 ne
351 2239 547 2322 Pontifice,
573 2237 826 2324 confluxisse,
857 2237 950 2329 quod
975 2237 1102 2310 fecisse
1133 2240 1307 2323 arbitror,
1344 2261 1415 2310 nott
1441 2239 1550 2310 solum
1578 2260 1623 2309 us

282 2362 442 2456 graviora
469 2359 609 2441 studia,
635 2382 723 2448 quae
749 2354 824 2450 jani.
842 2355 1097 2440 encoluerarrr,
1134 2359 1346 2452 amplissimo·
1374 2363 1508 2432 theatro
1535 2383 1619 2448 spe-

283 2480 410 2555 darda-
428 2497 693 2570 proponerent,
725 2476 924 2551 sedetiam
957 2499 995 2550 ut
1028 2480 1185 2550 oratione
1205 2499 1338 2552 ,ornata
1373 2533 1383 2565 ,
1416 2485 1451 2552 br
1475 2480 1630 2551 artificio·

284 2601 439 2702 quodam.
453 2615 488 2668 et
513 2598 734 2691 expolitione·
764 2597 922 2671 distitu‘la
960 2621 1060 2670 sensa
1084 2600 1279 2688 exprimere
1308 2600 1512 2671 discerent..
1537 2599 1633 2670 Orno*

283 2723 368 2792 trino
391 2718 561 2790 voluisset
593 2722 661 2791 Leo
690 2719 741 2790 vel
782 2719 1026 2791 reconditiores
1061 2719 1254 2808 disciplinas
1294 2722 1432 2792 minime¹
1458 2739 1616 2810 expertes

291 2866 367 2914 esse
402 2839 638 2910 humaniorum
669 2837 860 2910 litterarum
884 2840 1051 2926 praesidio
1095 2859 1196 2932 atque
1229 2860 1459 2926 ornamento,
1497 2847 1531 2912 bt
1555 2841 1662 2924 hace

285 2983 423 3052 quoque
445 2957 488 3030 de
513 2981 635 3043 caussa
660 2955 804 3029 multum
829 2959 958 3029 tribuit.
978 2956 1117 3030 Nicolao
1143 2959 1363 3047 Leonicerro,
1399 2960 1534 3052 dequo
1569 2963 1634 3032 lo«
1652 2937 1674 3029 'r'

287 3063 373 3170 seph
396 3079 543 3170 Scaliger
562 3078 685 3148 nterito
710 3077 915 3166 praedicavit
938 3074 1035 3171 (pr),
1051 3079 1203 3170 primum
1233 3081 1392 3150 omnium
1409 3078 1630 3168 philosophi·

286 3220 345 3269 arn
366 3203 407 3270 de
426 3196 637 3268 medicinam.
652 3219 733 3267 cnm
753 3199 1016 3269 humanioribus.
1038 3196 1170 3268 litteris
1183 3200 1402 3292 coniunxisse
1426 3253 1437 3284 ,
1481 3206 1516 3272 er
1547 3197 1630 3288 pri·-

287 3339 389 3388 mum.
402 3317 569 3386 docuisse
584 3316 761 3399 homines,
791 3317 942 3408 quisine
962 3318 1063 3396 bouis
1085 3319 1212 3389 litteris
1236 3319 1441 3390 medicinam.
1453 3315 1598 3388 tradent
1608 3365 1636 3401 ,.

290 3457 366 3507 asse
391 3435 515 3508 similes
540 3437 583 3506 iis.
606 3489 616 3520 ,
643 3439 704 3529 qui
730 3437 765 3508 in
793 3437 903 3509 alieno
930 3436 1006 3510 soro
1031 3437 1202 3530 litigant..
1240 3442 1352 3532 Quam
1367 3437 1500 3510 multos
1526 3460 1625 3509 conr·

276 3554 399 3626 xmorit
419 3605 430 3638 ,
448 3573 494 3624 ut
511 3557 655 3628 obviam.
670 3556 758 3630 irent
784 3557 893 3648 impiis
909 3539 1403 3650 nefariisquebutheranorum
1425 3557 1638 3646 conatibus„

292 3672 350 3763 qui
374 3695 455 3743 cum
475 3698 617 3746 numero
640 3695 723 3748 tum·
739 3699 852 3749 essent
879 3679 1004 3767 pauci,
1032 3702 1102 3750 nec.
1120 3679 1180 3748 ita.
1194 3677 1347 3750 multum.
1360 3681 1407 3750 in
1421 3679 1550 3750 liberali
1570 3679 1615 3750 in.

289 3812 484 3880 gertuarum:
501 3795 622 3864 artium
648 3793 772 3866 studio,
790 3799 946 3878 versati,
969 3821 1082 3891 neque
1104 3798 1174 3872 ulla
1193 3800 1297 3870 divini
1316 3798 1406 3891 juris·
1426 3796 1638 3888 cognitione-j

256 3901 260 3908 ’
289 3913 372 3992 satis
395 3910 550 3983 instrasti
575 3965 585 3996 ,
611 3935 720 4005 neque
744 3915 821 3986 ullo
841 3897 1092 3990 tra‘laridartun
1113 3917 1317 3991 litterarum
1343 3939 1517 3990 sacrarum
1557 3937 1638 3984 usu.

291 4032 495 4114 exercitari,
520 4034 690 4104 audebant
717 4053 830 4106 tamen
855 4056 1013 4122 notum,
1038 4058 1201 4112 testatum
1233 4084 1246 4120 ‚
1281 4057 1480 4128 perpetuum
1504 4034 1638 4127 popule

294 4150 478 4222 dhristiani
502 4175 705 4224 consensum
729 4201 742 4235 ,
767 4161 800 4226 tr
825 4157 955 4228 Christi
980 4157 1086 4246 ipsius
1110 4163 1288 4228 vocem&
1312 4154 1625 4248 legempnaopi·

294 4271 436 4340 nionmtr
460 4293 594 4344 suarum
619 4297 733 4346 errore
759 4293 956 4366 arroganter
981 4295 1217 4362 contemnere,
1233 4297 1388 4369 quaetot
1407 4275 1633 4347 saeculoruma

298 4389 540 4484 praejudiciis,
568 4392 719 4464 omnium
742 4394 1149 4484 gentiumtestimoniis,
1172 4395 1551 4489 omniumqueeorum,
1565 4395 1640 4485 qut·

296 4504 576 4582 attentissimi
595 4508 685 4598 ,vel
706 4511 1041 4602 sapientissimi,vel
1067 4513 1282 4590 eruditissimi
1306 4533 1392 4588 suut
1411 4515 1519 4588 habiti
1534 4563 1543 4601 ,
1557 4537 1641 4588 aur
