4372 5842
648 665 718 734 228
1061 658 1090 745 1.
1135 660 1165 731 t:
1210 657 1245 730 0
1290 653 1381 730 tel
1433 655 1457 727 S
1529 649 1571 726 X.

598 791 790 870 pateretur.
813 778 893 874 Ejus
918 777 1006 854 enim
1030 778 1188 853 utilitatis
1213 799 1288 851 esse
1313 775 1401 850 dixit
1419 775 1573 848 homines
1597 797 1617 848 a
1641 773 1713 849 fera
1738 763 1933 869 agrestique
1982 761 1987 769 ’

597 905 670 977 vita
694 903 736 975 ad
761 901 994 974 Christianum
1018 900 1215 993 civilemque
1239 899 1368 972 cultum
1391 899 1559 972 deducere
1587 898 1758 972 communi
1780 892 1934 969 humaui-
1978 911 1981 918 '
2021 915 2039 930 Δ·

597 1025 677 1098 tatis
702 1023 776 1116 jure
802 1041 904 1114 atque
929 1021 1209 1103 mansuetudine,
1245 1019 1366 1114 quibus
1407 1016 1703 1091 exhortationibus
1744 1017 1775 1091 si
1819 1015 1933 1090 minus

541 1221 550 1244 .
599 1142 771 1236 profecit,
798 1144 959 1236 aequitati
988 1165 1070 1214 sane
1094 1137 1284 1212 satisfecit.
1309 1141 1459 1211 Omnino
1484 1139 1513 1210 si
1536 1137 1636 1211 voces
1675 1137 1846 1212 Pontificis
1869 1157 1934 1209 va·

600 1261 763 1348 luissent,
789 1287 1003 1356 nequaquam
1027 1263 1121 1357 regio
1135 1260 1191 1332 illa
1206 1271 1404 1334 mercatores
1429 1261 1602 1332 hominum
1627 1253 1826 1343 habuisset,
1848 1277 1935 1352 quot

600 1383 719 1454 tulisse
746 1381 879 1454 videtur
905 1383 960 1455 ille
984 1383 1071 1455 idem
1093 1381 1145 1453 los
1168 1381 1290 1458 Cusus.
1316 1381 1377 1474 qui
1413 1405 1474 1474 pro
1498 1381 1657 1454 indorum
1689 1379 1844 1452 libertate
1876 1401 1937 1452 ve·

597 1503 849 1576 hementissime
879 1503 1070 1595 pugnabat.
1095 1505 1172 1572 Non
1196 1501 1298 1572 tnodo
1324 1499 1455 1589 faeere,
1482 1504 1541 1574 sed
1567 1525 1608 1572 ne
1628 1500 1779 1594 cogitare
1803 1497 1935 1594 quidem

598 1621 782 1715 quidquam
807 1621 951 1695 audebat
975 1625 1069 1707 Leo,
1094 1621 1186 1714 quod
1217 1623 1459 1696 immanitatem
1482 1623 1537 1696 vel
1574 1624 1747 1694 minimum
1784 1617 1934 1694 redolere

598 1761 716 1842 posset
728 1766 744 1828 ;
768 1759 891 1815 natura
915 1745 1032 1829 enim,
1056 1743 1156 1815 sicuti
1180 1763 1280 1832 saepe
1303 1743 1368 1836 iam
1393 1741 1567 1830 diximus,
1589 1742 1689 1831 plane
1710 1766 1787 1815 eum
1812 1740 1936 1814 forma·
2001 1835 2002 1841 ἵ

599 1881 698 1939 verat
723 1861 765 1934 ad
798 1863 1017 1944 humanitatis
1055 1887 1213 1950 sensum,
1256 1879 1293 1931 ut
1335 1859 1380 1932 nil
1417 1863 1649 1934 vehementius
1684 1861 1932 1950 contenderet,

596 2009 699 2080 quam
723 2003 761 2056 ut
794 2003 895 2056 nemo
920 1982 1172 2069 calamitatem,
1196 1982 1405 2055 &adversae
1431 1981 1591 2054 fortunae
1610 1982 1821 2056 incommoda
1841 2001 1939 2073 pate·

599 2124 720 2180 retur.
743 2104 822 2174 Pari
846 2101 959 2176 studio
984 2103 1052 2194 egit
1077 2125 1151 2174 cum
1179 2103 1373 2172 Lusitaniae
1398 2105 1510 2192 Rege,
1533 2121 1572 2172 ut
1597 2125 1684 2194 quos
1710 2123 1807 2172 suant
1832 2099 1868 2170 in
1886 2096 1939 2173 di·

599 2222 732 2294 tionem
757 2220 933 2316 redegerat
958 2222 1111 2294 homines
1135 2242 1288 2314 expertes
1313 2223 1423 2294 omnis
1447 2222 1529 2316 juris
1570 2224 1603 2292 δι
1628 2219 1864 2304 conditionis,
1902 2223 1939 2294 dt

598 2336 735 2435 linguae
760 2365 866 2433 prope
890 2343 1080 2424 humanae,
1104 2343 1152 2414 ita
1177 2341 1475 2430 mansuefaceret,
1504 2344 1749 2435 utaliquando
1773 2339 1939 2418 Christia-

598 2484 647 2536 na
670 2460 824 2535 dodrina
849 2460 1100 2532 illustrarentur
1107 2485 1123 2548 ,·
1146 2487 1214 2554 qua
1244 2464 1279 2532 in
1308 2486 1344 2534 re
1370 2464 1525 2556 Princeps
1567 2463 1835 2556 religiosissimus
1871 2457 1940 2530 mid

598 2583 689 2656 aime
710 2605 831 2674 passus
854 2601 907 2654 est
931 2581 1117 2652 desiderari
1139 2581 1348 2674 diligentiam
1373 2607 1490 2655 suam.
1517 2585 1687 2656 Auxilium
1710 2603 1849 2676 quoqne
1872 2577 1938 2650 fer·

597 2725 636 2775 re
659 2701 826 2774 voluisset
851 2703 920 2774 Leo
943 2701 1095 2772 Moschis
1119 2707 1155 2774 dt
1190 2702 1386 2791 Abyssinis,
1422 2727 1510 2797 quos
1545 2703 1784 2777 miserabilibus
1827 2695 1939 2771 teneri

599 2823 769 2898 erronbus
795 2821 933 2893 minime
955 2810 1153 2914 ignorabat,
1182 2827 1240 2902 dt,
1262 2803 1467 2917 qu'od'opus
1487 2847 1562 2898 esse
1581 2823 1738 2915 putavit,
1763 2821 1937 2914 providit,

600 2959 703 3033 atque
726 2967 785 3034 per
810 2945 954 3034 Legatos
980 2961 1060 3012 suos
1085 2941 1349 3017 administravit.
1387 2942 1475 3015 Illud
1506 2943 1668 3018 addidero
1692 2967 1795 3014 unum
1821 2937 1940 3027 (ini-

597 3064 709 3138 nitum
744 3063 832 3136 enim
856 3072 946 3132 esset
965 3059 1095 3152 singula
1120 3065 1312 3156 persequi)
1337 3062 1461 3138 nullam
1486 3063 1592 3139 fuisse
1630 3085 1795 3141 tetrarum
1813 3088 1908 3138 oram
1922 3053 1950 3152 ,⁵

598 3181 637 3256 itt
662 3205 761 3276 quam
784 3203 921 3254 suarum
946 3203 1105 3252 curarum
1138 3185 1173 3253 δι
1203 3185 1450 3274 cogitationum
1476 3207 1607 3278 pattena
1632 3186 1778 3278 aliquam
1802 3187 1940 3259 deriva-

596 3324 635 3378 te
660 3325 731 3374 non
756 3303 1011 3394 concupiverit,
1036 3324 1112 3374 cum
1137 3304 1241 3404 seed
1264 3307 1378 3376 omnis
1397 3308 1532 3399 generis
1554 3308 1692 3380 humani
1729 3306 1872 3390 tutelam
1905 3291 1952 3380 dtv

600 3423 805 3514 praesidium
830 3424 866 3494 in
891 3424 981 3498 Petri
1006 3424 1168 3496 cathedra
1192 3423 1396 3500 collocatum
1419 3425 1567 3514 diceret,
1592 3434 1625 3500 dt
1650 3453 1692 3502 ea
1714 3430 1859 3502 maxime
1876 3428 1934 3542 dp·

600 3541 681 3618 ltere
706 3565 843 3624 curare,
868 3567 954 3636 quae
979 3542 1134 3614 omnibus
1161 3541 1203 3616 ad
1228 3542 1431 3633 placandum
1455 3553 1491 3620 a
1524 3548 1700 3622 colendum
1736 3549 1802 3624 rite
1827 3551 1938 3621 Deum

603 3660 693 3740 uiam
717 3661 974 3750 patefacerent.
1008 3662 1050 3734 Et
1074 3662 1155 3755 quia
1175 3661 1374 3752 depravatio
1399 3669 1706 3752 consuetudinum,
1730 3673 1765 3742 δι
1803 3671 1939 3762 opinio·

602 3805 686 3860 num
708 3783 854 3854 varietas
877 3781 1136 3859 imbecillitatem
1161 3785 1351 3858 animorum
1365 3787 1564 3880 torquebar,
1589 3791 1765 3866 omnium.
1788 3815 1878 3884 quae
1902 3793 1939 3863 itt

527 3925 532 3933 ·
599 3901 779 3979 hominurn
801 3901 1033 3990 disputatione
1058 3907 1308 3988 versabantur,
1333 3905 1391 3978 illa
1414 3909 1550 3998 potiora
1577 3909 1817 4001 existimabat,
1851 3921 1957 4007 quae

601 4020 823 4099 certissimam
845 4023 1014 4098 habebant
1039 4026 1211 4119 regulam,
1238 4051 1307 4120 qua
1331 4048 1415 4099 vera
1439 4031 1472 4098 δι
1497 4024 1607 4114 falsa,
1642 4027 1733 4102 recia
1757 4035 1791 4103 δι
1833 4053 1942 4126 prava

601 4142 853 4235 iudicarentur.
877 4145 1068 4236 aequitatis
1091 4147 1181 4222 illius
1206 4149 1273 4218 hoc
1288 4171 1427 4245 quoque
1441 4151 1487 4220 sit
1505 4150 1687 4238 indicium,
1713 4153 1831 4245 quod,
1857 4175 1942 4224 con·

600 4259 739 4340 firmata
756 4261 833 4334 Julii
856 4281 900 4343 Η.
924 4249 1170 4340 constitutione
1194 4270 1359 4360 quadam,
1384 4271 1613 4342 severissimas
1650 4293 1778 4362 poenas
1816 4273 1941 4344 statuit

608 4379 675 4462 iis,
700 4381 762 4474 qui
781 4406 817 4458 se
844 4382 889 4456 ad
909 4384 1083 4478 singulare
1096 4407 1264 4488 pertamen
1281 4409 1544 4479 provocassent.
1563 4391 1706 4463 Omnem
1725 4393 1810 4464 enim
1831 4389 1901 4461 vim
1920 4411 1942 4460 a

603 4501 745 4598 privatis
772 4503 888 4588 abesse
912 4503 1068 4595 volebat,
1083 4506 1230 4612 drnnque
1255 4510 1506 4612 praescribebat.
1525 4493 1655 4595 civibus
1675 4504 1942 4606 obtemperandi
