4372 5842
663 667 728 756 ma
1052 661 1604 740 ttontsm-

604 781 952 878 deaturGyraldius,
976 785 1091 882 quiin
1116 809 1159 857 eo
1191 787 1312 860 durum
1348 789 1380 854 bt
1413 785 1580 856 tumidum
1615 785 1786 858 orationis
1827 812 1936 886 genus

608 902 819 988 reprehendit
836 929 849 972 .·
1310 927 1314 932 '

901 1147 1000 1220 Mille
1022 1171 1064 1222 ert
1089 1165 1232 1246 tempore
1254 1149 1402 1234 cannino
1425 1151 1576 1238 erudita,

899 1271 984 1361 Quis
1008 1269 1059 1342 nil
1080 1271 1127 1345 sit
1149 1267 1368 1357 lutulentum,
1390 1269 1606 1366 inexpolrmm
1620 1279 1633 1342 .“

603 1507 730 1578 Mirum
754 1507 788 1579 in
817 1507 952 1581 modum
977 1511 1062 1584 favit
1084 1513 1220 1604 ingenio
1245 1515 1406 1589 Berrardi
1443 1513 1603 1603 hecolti,
1641 1537 1742 1610 quem
1778 1532 1937 1604 magnum

600 1627 713 1698 lumen
738 1621 915 1718 poesim&
931 1635 1067 1704 unicum
1089 1632 1177 1704 dixit
1189 1635 1351 1707 hreostus
1364 1637 1474 1726 (107.)
1486 1683 1499 1720 ,
1520 1638 1641 1731 cuique
1673 1641 1720 1708 lo.
1741 1632 1937 1706 Matthaeus

604 1748 792 1844 Toseanus,
807 1750 873 1822 hoc
899 1753 1013 1824 tribuit
1039 1753 1215 1846 elogium.

800 1991 981 2082 Carmina,
1007 2017 1093 2092 quae
1117 1997 1226 2069 subito
1251 1996 1310 2069 tr'hi
1334 2015 1414 2070 strat
1437 1991 1541 2093 efficta
1565 1996 1708 2083 calore,

822 2185 828 2206 ,
902 2115 964 2190 Vel
985 2135 1172 2214 quaesunt
1195 2117 1273 2188 lima
1296 2139 1396 2212 saepe
1415 2117 1522 2212 polita
1549 2135 1635 2204 tao,
1736 2151 1740 2159 ·

799 2233 866 2328 Qui
890 2233 993 2330 legit,
1017 2237 1110 2308 ltaud
1133 2240 1240 2311 cernit
1262 2238 1344 2335 quid
1366 2231 1497 2331 differat
1520 2241 1662 2333 impetat
1688 2253 1784 2325 arte,

895 2353 943 2426 Et
962 2378 1109 2449 procusa
1126 2358 1206 2453 pari
1229 2359 1347 2429 cando
1373 2359 1485 2432 labore
1508 2376 1641 2454 patat;
1676 2377 1692 2386 “

794 2468 906 2570 Atque
928 2475 1000 2562 ar't;
1024 2475 1107 2550 hoec
1131 2479 1161 2549 si
1186 2495 1238 2550 est
1259 2501 1341 2566 ars,
1366 2478 1453 2550 nihil
1474 2480 1538 2551 hac
1560 2495 1610 2552 est
1631 2477 1754 2551 cultius
1779 2491 1849 2550 arte
1861 2501 1876 2563 ,·

892 2594 931 2668 Si
947 2594 1071 2688 furor,
1093 2612 1145 2668 est
1166 2619 1224 2670 ars
1247 2597 1311 2671 hoc
1333 2598 1425 2672 calta
1440 2599 1559 2694 fictore
1585 2601 1723 2672 minus.

695 2839 840 2914 Amabat
863 2839 934 2912 Leo
958 2837 1122 2942 Aecoltos
1147 2863 1264 2915 omnes
1288 2859 1453 2917 nontam
1478 2858 1617 2933 propter
1643 2861 1763 2912 eorum
1790 2835 1824 2910 in
1847 2836 1941 2910 litte·

597 2983 654 3038 tas
678 2961 799 3034 metita
822 2957 1029 3053 singularia,
1055 2985 1156 3055 quam
1179 2980 1317 3054 propter
1353 2963 1549 3034 memoriam
1584 2962 1662 3034 fidei
1706 2960 1940 3051 praestantis,

596 3105 699 3178 quam
721 3081 812 3154 Petri
835 3078 1024 3158 cardinalis
1048 3088 1082 3155 bt
1106 3083 1264 3156 Bernardi
1289 3099 1385 3173 pater
1410 3080 1609 3176 Benedidlus
1632 3079 1839 3152 Mediceis&
1860 3079 1940 3150 Rei·
2035 3057 2039 3066 ’

596 3198 751 3294 publicae
773 3198 991 3278 Florentinae
1014 3201 1251 3294 praestiterat.
1280 3205 1331 3274 Ex
1357 3199 1492 3275 illo'rum
1517 3199 1622 3274 fratre
1647 3203 1749 3274 natus
1770 3217 1842 3272 etat
1864 3201 1939 3268 Be-

596 3319 776 3412 redimus,
800 3345 899 3416 quem
921 3321 1103 3395 admodum
1125 3321 1376 3397 adolescentem
1399 3325 1467 3394 Leo
1490 3304 1663 3394 Gaditano
1688 3323 1831 3411 primurn
1850 3341 1937 3409 pon·

596 3441 757 3529 tificatu,
782 3467 864 3517 mox
885 3444 1103 3519 Cremonensi
1123 3443 1341 3516 honestavit.
1363 3443 1494 3516 Multos
1520 3443 1548 3513 is
1567 3443 1685 3515 habuit
1711 3429 1933 3524 laudatores,

595 3562 658 3658 qui
683 3562 720 3636 itt
742 3586 785 3634 eo
809 3561 923 3655 elogio
948 3545 1143 3636 consentire
1167 3563 1349 3650 videntur,
1374 3562 1458 3635 nihil
1483 3561 1541 3634 illo
1565 3562 1639 3634 fieri
1678 3560 1835 3652 potuisse
1870 3559 1938 3631 ele·

597 3685 732 3783 gantius
757 3685 789 3750 δι
813 3681 953 3772 politius
977 3681 1051 3753 sive
1077 3705 1203 3772 prosa,
1225 3685 1300 3764 sive
1324 3707 1427 3758 versu
1449 3681 1637 3770 scriberet,
1662 3681 1747 3753 nihil
1773 3702 1858 3752 vero
1885 3677 1938 3750 li·

595 3802 743 3880 beralius
761 3801 796 3873 in
821 3801 1047 3875 dodrinarum
1070 3803 1293 3895 ingenuarum
1318 3801 1508 3876 cultoribus
1533 3801 1711 3876 fovendis.
1736 3804 1849 3894 Atque
1869 3801 1941 3872 uti·

594 3947 675 4002 mam
699 3926 727 3994 is
755 3920 866 3994 fadus
891 3921 1104 4004 Cardinalis,
1129 3928 1163 3994 a<
1193 3924 1431 3996 Anconitanus
1475 3925 1757 4015 Archiepiscopus
1795 3945 1815 3992 a
1848 3942 1935 3990 con·

596 4023 833 4127 tentionibus,
872 4067 962 4136 quae
984 4064 1134 4115 summae
1156 4040 1206 4114 illi
1245 4043 1383 4114 fuerunt
1421 4067 1497 4117 curn
1534 4041 1721 4136 Hippolyto
1756 4037 1928 4114 Cardinali
1997 4095 1999 4099 -

594 4167 765 4252 Medice0,
793 4167 1031 4242 abstinuisset:
1057 4165 1194 4242 minime
1217 4167 1353 4239 enimin
1368 4167 1544 4238 discrimen
1565 4163 1826 4238 existimationis
1851 4183 1935 4236 suae

517 4372 521 4380 Ι
593 4285 769 4358 venisset.
792 4286 993 4358 prudentior
1016 4291 1138 4360 Petrus
1173 4312 1249 4362 eunt
1274 4262 1368 4362 vitae
1392 4311 1529 4360 cursum
1555 4285 1692 4372 tenuit,
1729 4303 1767 4357 ut
1806 4305 1843 4355 se
1889 4283 1941 4354 di·

593 4426 696 4496 gnum
722 4405 927 4494 praestiterit
954 4408 996 4478 iis
1021 4405 1206 4497 laudibus,
1231 4411 1368 4481 summis
1403 4409 1468 4482 illis
1505 4409 1660 4501 quidem,
1699 4407 1823 4500 quibus
1862 4403 1932 4473 leo

594 4523 746 4598 eumdem
766 4543 839 4598 tunt
862 4525 1018 4616 Galliae,
1043 4549 1114 4600 turn
1138 4530 1380 4621 hispaniarum
1399 4527 1545 4621 Regibus
1570 4525 1822 4620 amplificandae
1836 4545 1936 4596 caus·
