4372 5842
693 640 734 742 *u
832 643 847 709 1
945 642 977 711 ’t
1073 644 1104 712 rt
1168 620 1170 624 ’
1461 661 1527 732 203

254 777 353 838 cnm,
375 775 437 834 ,aut
463 756 618 828 Latinum
644 757 685 828 ad
709 759 801 832 illum
826 761 1063 846 deferebatur,
1084 786 1153 841 non
1179 764 1289 836 solurn
1332 767 1374 836 de
1400 762 1577 836 sententiis

251 874 339 946 refle
364 857 555 969 judicasse,
577 878 636 948 sed
660 881 690 946 δι
716 882 751 950 in
776 883 1008 954 examinandis
1032 885 1209 956 verborum
1232 881 1379 956 omnium
1418 883 1580 974 ponderi·

252 999 316 1066 bus
341 1005 437 1066 tan'ta
462 997 585 1068 mentis
612 999 679 1070 acie
706 1002 930 1089 praestitisse,
956 1001 1052 1072 utin
1078 1005 1148 1098 ejus
1172 1005 1267 1076 diflis
1293 1029 1410 1076 ornnes
1448 1007 1582 1098 acquie-

255 1139 384 1186 scerent
410 1111 854 1204 (transrenanos
881 1123 1000 1192 Leonis
1038 1144 1126 1194 certe
1167 1127 1333 1211 maxima,
1370 1128 1462 1218 quod
1495 1145 1584 1198 esset

258 1235 292 1308 iu
319 1235 477 1310 familiari
503 1251 657 1308 sermone
682 1239 798 1310 acutus
824 1241 856 1304 bt
880 1239 1035 1338 elegans,
1061 1241 1213 1330 facetus,
1238 1248 1347 1317 brevis
1369 1299 1380 1332 ,
1404 1249 1439 1316 in
1464 1247 1588 1317 docen-
1618 1324 1629 1337 „

254 1357 301 1425 do
325 1357 604 1449 edisserendoque
630 1359 788 1450 copiosus
813 1363 847 1430 bt
872 1358 1035 1451 eloquens
1060 1386 1134 1432 cum
1158 1387 1287 1434 summa
1312 1367 1490 1455 ‚suavitate
1517 1365 1589 1436 oris

257 1499 298 1546 ac
325 1477 417 1547 vocis
434 1527 442 1544 .
462 1478 662 1569 Quaesitum
687 1478 867 1570 aliquando
891 1478 977 1564 fuit,
1004 1504 1084 1550 num
1102 1481 1282 1570 Pontifex,
1306 1486 1439 1578 quando
1457 1487 1491 1556 in
1508 1490 1589 1554 Car·

212 1579 214 1584 ,
256 1597 417 1671 dinaliunr
444 1598 626 1668 concilium
648 1598 826 1679 veniebat,
853 1621 989 1687 perse,
1016 1599 1068 1670 vel
1094 1625 1152 1690 per
1179 1602 1378 1694 interpretes
1404 1604 1507 1676 verba
1533 1599 1589 1670 fa-

260 1739 335 1786 cere
359 1717 555 1788 debuisset.
581 1719 682 1790 lussit
707 1720 839 1812 quidem
865 1721 954 1803 Leo,
980 1711 1237 1792 adversantibus
1273 1721 1351 1792 licet
1394 1718 1592 1792 Cardinali-

261 1837 349 1918 bus,
374 1839 507 1910 retineri
530 1861 674 1918 morem,
700 1861 799 1930 quem
823 1839 996 1910 invexerat
1023 1841 1098 1910 Pius
1122 1861 1165 1920 JJ.
1180 1842 1341 1912 omnium
1364 1867 1445 1912 suae
1470 1837 1593 1910 aetatis

263 1953 573 2048 eloquentissimus,
599 1959 719 2028 Latine
744 1959 873 2029 dicendi
891 1983 1024 2048 perse,
1050 1961 1139 2052 quod
1164 1985 1338 2052 nunquam
1364 1983 1432 2029 non
1454 1958 1596 2048 praesti·

265 2077 346 2147 aisse
370 2095 515 2150 testatur
540 2080 700 2150 Grassins
726 2080 791 2147 rtisi
817 2079 1011 2175 eleganter,
1031 2079 1206 2170 facunde,
1230 2077 1368 2165 secure,
1408 2077 1439 2150 fr
1477 2077 1590 2149 doe'le.

268 2197 381 2288 Atque
408 2197 442 2268 id
467 2221 507 2268 eo
531 2184 717 2269 mirabilius
741 2199 934 2276 videbatur,
962 2201 1054 2290 quod
1078 2199 1174 2270 multi
1212 2200 1475 2270 recordabantur
1509 2195 1597 2265 soli·-

271 2334 342 2386 tum
366 2317 469 2389 fuisse
494 2318 743 2389 mendosissime
768 2318 877 2389 dicere
919 2318 1070 2390 Paullum
1113 2337 1188 2402 Νη
1226 2318 1473 2388 haesitantibus
1516 2317 1599 2386 adeo

270 2439 379 2508 verbis
415 2442 649 2512 Innocentium
687 2459 804 2526 vJJJ.,
831 2461 869 2511 ut
894 2463 992 2530 saepe
1024 2438 1128 2509 risum
1152 2456 1406 2520 commoveret,
1432 2434 1601 2505 titubante

272 2563 306 2629 bt
331 2559 517 2648 cespitante
541 2559 655 2651 lingua
682 2561 908 2631 Alexandrum
935 2577 988 2638 vJ.
1014 2558 1125 2629 timide
1151 2577 1262 2628 autem
1288 2557 1370 2628 adeo
1404 2553 1523 2630 lulium
1560 2569 1604 2642 JJ,

273 2679 369 2770 quasi
392 2679 507 2750 rudem
533 2679 753 2778 discipulum,
777 2683 824 2750 sic
849 2699 887 2750 ut
913 2681 1032 2750 menda
1059 2677 1227 2746 interdum
1244 2675 1446 2768 corrigeret,
1466 2673 1517 2743 bis
1535 2690 1606 2741 tet·

274 2820 317 2868 ve
341 2797 456 2867 eadem
481 2798 583 2870 verba
606 2802 806 2888 repetendo.
833 2803 942 2892 Atque
968 2799 1034 2868 boc
1059 2795 1335 2884 subsidium-jam
1364 2793 1441 2862 inde
1468 2793 1508 2860 ab
1525 2789 1603 2858 ado·

277 2914 440 2986 lescentia
464 2917 528 2989 sibi
550 2919 702 2989 maximis
727 2919 1023 2991 exercitationibus
1057 2914 1264 3002 comparavit
1289 2916 1382 2996 Le0,
1407 2907 1450 2980 ut·
1471 2933 1534 2980 nec
1561 2908 1609 2977 ti·

275 3039 416 3109 muisset
441 3038 612 3110 rhetorem
636 3039 792 3132 quamvis
818 3037 1061 3128 eloquentem.
1086 3036 1164 3106 Sive
1201 3033 1301 3126 igitur
1341 3027 1469 3119 spefles
1508 3029 1609 3119 inge·-

278 3158 393 3239 nium,
430 3158 501 3228 site
527 3159 650 3248 ingenii
685 3155 798 3228 lumen
837 3157 1086 3250 eloquentiam,
1123 3154 1197 3225 sive
1229 3151 1457 3244 cognitionem
1492 3168 1609 3218 eastun

280 3301 415 3362 rerum,
440 3303 525 3372 quae
551 3301 631 3349 sunt
656 3278 781 3350 litteris
805 3277 966 3364 traditae,
992 3300 1060 3346 non
1085 3273 1182 3345 facile
1206 3271 1352 3362 reperies
1365 3292 1467 3361 quern
1487 3267 1614 3337 Roma·

281 3421 401 3471 norum
425 3400 625 3498 Pontificum
646 3401 749 3470 Leoni
769 3399 973 3489 superiorem
999 3419 1126 3488 ponas,
1146 3395 1240 3486 quod
1259 3392 1404 3486 elogium
1428 3383 1508 3458 libet
1527 3407 1614 3478 quo·

282 3543 346 3609 que
372 3520 569 3592 confirmare
593 3521 791 3590 testimonio
817 3523 864 3590 la.
888 3517 988 3589 Pierii
1011 3514 1204 3594 Valeriani,
1227 3513 1284 3602 qui
1307 3535 1384 3582 eum
1420 3534 1501 3580 sane
1526 3509 1612 3578 bene

276 3661 448 3732 noverat,
474 3637 594 3714 solitus
618 3641 813 3711 domesticis
840 3640 912 3731 ejus
938 3639 1036 3709 rebus
1061 3639 1222 3706 interesse
1243 3683 1251 3700 .
1277 3633 1388 3702 Datus
1413 3629 1504 3699 enim
1543 3643 1616 3697 erat
1721 3669 1726 3678 ·

284 3781 482 3853 praeceptor
508 3761 701 3833 Alexandro
728 3757 968 3849 &Hippolyto
1017 3755 1205 3836 Mediceis,
1226 3775 1396 3842 quorum,
1420 3750 1478 3850 qni
1507 3763 1620 3817 essent

209 3971 213 3978 Ι
284 3882 320 3950 in
342 3883 557 3953 institutione
583 3881 705 3970 puerili
734 3901 952 3971 progressus,
971 3878 1058 3961 Leo,
1080 3877 1139 3967 qui
1159 3897 1216 3944 eos
1233 3892 1372 3961 paterne
1390 3867 1540 3946 amabat,
1556 3887 1614 3952 pet

283 4025 319 4071 se
344 4001 461 4074 videre
486 4001 622 4073 volebat
644 4051 653 4069 .
679 4003 720 4070 Et
747 4002 779 4070 is'
801 3999 937 4093 quidam
963 3998 1009 4068 ait
1034 3995 1139 4066 fuisse
1166 3995 1271 4081 ipsum
1292 3985 1384 4058 retello
1410 4007 1479 4055 nott
1503 3981 1619 4053 doc‘lri·

178 4177 179 4180 =
224 4204 230 4219 ,
283 4145 347 4200 ttae
368 4143 492 4218 genere
518 4123 725 4206 institutum,
753 4120 889 4191 Graecis
916 4118 1112 4212 Latinisque
1136 4115 1253 4185 litteris
1276 4109 1464 4190 eruditum,
1489 4099 1618 4173 acerri-

208 4295 212 4308 .
287 4246 393 4338 mique
415 4244 551 4336 judicii,
582 4238 613 4313 fr
639 4263 698 4312 sert
722 4240 862 4312 solatura
887 4238 1067 4314 orationem
1091 4231 1269 4314 scriberet,
1294 4251 1352 4300 seu
1374 4245 1505 4296 carmen
1526 4243 1620 4315 pan·
1696 4315 1700 4325 ,

284 4378 403 4457 geret,
429 4366 502 4433 sive
521 4364 695 4432 meditatus
718 4377 922 4454 paratusque
947 4357 992 4426 ad
1015 4353 1188 4427 dicendum
1210 4351 1362 4446 ueniret,
1385 4349 1457 4419 sive
1482 4369 1522 4417 ex
1542 4360 1623 4428 tero·

284 4500 366 4578 pore
397 4481 595 4568 dissereret,
620 4484 761 4553 omnium
786 4481 933 4554 meritum
952 4475 1063 4570 fuisse
1080 4475 1213 4548 leudes.
1242 4465 1398 4542 Faciebat
1420 4485 1503 4540 uero
1525 4483 1633 4547 esua,
