4392 5838
533 713 604 796 282

555 827 624 904 dir,
643 844 678 901 ac
703 837 805 908 postea
829 821 954 886 modum
973 841 1092 893 meum,
1119 825 1149 882 dt
1176 816 1312 883 ordinem
1340 814 1584 888 commendarit,
1607 817 1688 902 qaod
1719 820 1820 894 omnm

450 941 458 953 '
552 931 673 1015 quiete,
694 935 722 1004 dc
741 929 876 1012 ριάἰιιςιιι
897 929 1036 1011 fecerim,
1057 931 1122 1010 Rex
1142 924 1261 1006 tandem
1282 921 1382 984 dudm
1401 938 1446 983 est
1466 937 1485 984 a
1505 921 1639 1008 Collegio
1669 920 1706 986 ad
1726 943 1820 989 came.

554 1054 602 1110 pas
622 1053 703 1112 suas,
725 1053 799 1113 quae
821 1049 901 1093 crant
923 1028 1043 1093 inferius
1073 1031 1122 1093 ubi
1149 1029 1246 1110 solent
1266 1023 1431 1100 yexilliferi
1458 1025 1591 1104 iustitiae
1620 1028 1819 1108 commorari,

554 1143 582 1194 δι
604 1137 644 1195 ibi
666 1133 807 1196 festiviter
828 1137 963 1222 dimissus
987 1153 1031 1216 est
1052 1157 1068 1197 a
1088 1133 1221 1221 collegio
1241 1147 1322 1210 toto,
1344 1149 1541 1215 praeterquam
1561 1150 1578 1192 a
1599 1147 1722 1213 quatuor
1742 1135 1816 1194 Car.

549 1237 722 1327 dinalibus,
741 1241 877 1316 videlicet
897 1240 1008 1323 duobus
1029 1238 1141 1320 ultimis
1169 1237 1365 1325 Presbyteris,
1395 1243 1423 1300 dc
1444 1235 1558 1300 duobus
1577 1234 1688 1318 ultimis
1711 1235 1816 1299 Diaco-

553 1343 620 1430 nis,
644 1343 694 1424 qui
714 1344 851 1405 continue
873 1359 1041 1426 manserunt
1061 1344 1226 1406 societatem
1248 1341 1324 1426 Regi
1345 1339 1500 1410 facientes,
1519 1361 1552 1404 ac
1569 1342 1662 1420 petiam
1677 1341 1823 1426 pranden-

551 1463 599 1528 pop
620 1447 708 1526 simul
729 1468 795 1508 curn
820 1467 861 1520 eo
881 1448 912 1508 in
932 1446 1034 1532 eadem
1065 1467 1183 1510 mensa.
1216 1449 1328 1510 Interea
1352 1448 1406 1532 ¹alii
1436 1445 1602 1510 cardinales
1628 1439 1822 1532 ascenderunt

448 1633 450 1640 Ι
556 1551 594 1614 ad
616 1553 741 1634 Papam,
764 1556 790 1609 ec
811 1549 892 1612 illico
912 1549 1065 1633 prandium
1086 1548 1214 1614 fecerunt
1234 1551 1267 1616 iu
1287 1571 1345 1614 una
1366 1550 1462 1620 Aula,
1482 1550 1533 1611 ribi
1564 1554 1643 1633 Papa
1664 1571 1742 1636 pnou
1769 1573 1819 1628 ‚ro-

552 1653 611 1721 luit
630 1655 785 1738 quicquam
806 1653 976 1740 comederes
997 1675 1056 1738 quo
1075 1652 1149 1717 far‘bo
1167 1673 1223 1742 ego
1242 1654 1346 1718 accessi
1366 1654 1403 1716 de
1423 1652 1559 1716 mandato
1580 1653 1616 1739 ad
1633 1657 1761 1738 Regem,
1782 1661 1813 1720 dc

551 1757 668 1824 inhibui
688 1777 726 1820 ne
745 1757 857 1819 reniret
878 1759 915 1819 ad
936 1759 1168 1832 consistorium,
1189 1759 1406 1840 domesticam
1435 1781 1475 1824 au
1514 1762 1591 1844 Papa
1618 1760 1651 1822 in
1681 1781 1717 1845 eo
1756 1765 1816 1843 jam

548 1859 715 1932 derideret,
735 1861 825 1924 &sic
845 1861 978 1935 ascendi,
1000 1869 1030 1924 δι
1058 1863 1159 1927 vestiri
1185 1861 1241 1926 feci
1263 1868 1389 1950 Papam,
1412 1870 1440 1928 dc
1460 1865 1558 1944 perire
1585 1864 1616 1926 in
1647 1865 1756 1926 Aulam
1778 1861 1816 1926 ad

551 1963 791 2034 consistorium:
812 1967 878 2029 aula
896 1985 956 2030 erat
977 1967 1143 2053 plenissima
1170 1967 1281 2051 populo
1308 1983 1372 2049 ¹tam
1404 1969 1600 2050 ¹Bononiensi,
1634 1976 1664 2054 de
1691 1965 1820 2038 curiali.

478 2124 481 2130 ,
547 2087 641 2155 ,quarn
661 2070 749 2130 eriam
772 2069 906 2140 Gallico.
927 2071 1074 2134 intantum
1096 2089 1130 2158 ut
1148 2093 1231 2156 saepe
1252 2095 1268 2134 a
1289 2073 1420 2160 pluribus
1439 2073 1602 2137 dubitatum
1627 2071 1682 2134 fuir
1704 2072 1741 2133 de
1764 2071 1823 2136 rui·

522 2192 527 2206 ·
551 2191 608 2244 na,
631 2179 660 2259 dt
680 2190 799 2257 ruptura
815 2181 900 2262 pejus.
921 2175 1090 2240 cardinales
1109 2177 1313 2266 praestiterunt
1333 2177 1524 2246 reverentiam
1548 2181 1641 2259 Papae
1682 2176 1823 2260 politam,

551 2282 582 2338 dr
603 2276 718 2366 incepta
738 2278 884 2368 adrorati
904 2279 1124 2362 propositione,
1144 2280 1196 2362 qui
1220 2276 1277 2342 fuir
1307 2281 1455 2344 Dominus
1484 2281 1578 2360 Julius
1609 2280 1814 2362 Srephanurius

549 2380 729 2451 Romanus,
750 2403 805 2467 ego
818 2383 928 2446 soceri
948 2381 1188 2466 Sanseserinum,
1209 2389 1237 2444 dc
1260 2385 1429 2455 boensem.
1452 2393 1480 2446 du
1508 2385 1581 2448 duri
1601 2405 1651 2446 eos
1671 2384 1708 2445 ad
1729 2401 1822 2444 came·

480 2469 483 2475 ¹
558 2505 604 2550 ras
628 2485 733 2570 Regis,
753 2485 834 2570 :unde
854 2484 954 2546 dimisi
975 2486 1048 2548 duos
1073 2487 1218 2572 Diaconos
1237 2489 1365 2568 juniores
1385 2489 1423 2552 ad
1445 2493 1570 2573 Papam.
1599 2492 1662 2550 Rex
1684 2487 1820 2572 ¹seuiebat

551 2593 668 2659 medius
685 2595 764 2666 vinter
784 2593 857 2653 duos
876 2593 1021 2662 seniores,
1043 2612 1131 2678 quem
1162 2591 1221 2654 duo
1250 2593 1413 2674 Presbyteri
1440 2593 1671 2678 praecedebant,
1704 2599 1732 2652 dt
1763 2609 1821 2676 ¹sex

550 2695 679 2786 Praelari
713 2697 875 2760 assistentes
906 2699 1000 2782 Papae
1021 2697 1233 2782 ¹respuebantur:
1262 2713 1361 2786 tantus
1387 2677 1495 2786 autera·
1515 2697 1643 2781 populus
1669 2695 1822 2782 utriusque

550 2801 645 2884 partis
667 2801 781 2869 aderat,
804 2817 836 2862 ur
858 2802 907 2862 rix
928 2802 1081 2882 procedere
1109 2779 1282 2886 possemus.¹
1296 2807 1323 2860 ds
1344 2799 1400 2860 lirit
1426 2821 1498 2883 opus
1523 2801 1602 2888 quod
1637 2805 1699 2864 Res
1722 2799 1821 2884 plures

547 2902 590 2985 ¹cle
611 2903 668 2964 suis
690 2886 854 2988 disponeret
875 2906 911 2966 ad
932 2905 1048 2976 valvas,
1071 2911 1100 2966 dr
1121 2885 1270 2990 repagula,
1290 2921 1323 2964 ut
1345 2905 1526 2992 custodirent
1542 2894 1821 2992 ingressumiquem

554 3019 605 3070 hos
627 3009 677 3070 vix
706 3012 846 3096 attingere
872 3029 1054 3092 poteramus.
1082 3010 1168 3096 Unde
1201 3013 1286 3078 Rex,
1306 3025 1340 3070 ut
1369 3027 1431 3071 eret
1451 3010 1602 3094 placidus,
1632 3028 1715 3092 saepe
1758 3007 1825 3088 risit

556 3113 635 3188 q110¹¹
652 3113 693 3176 sic
714 3115 912 3184 detineretur,
933 3133 984 3174 nec
1006 3131 1101 3194 posset
1122 3113 1241 3178 ulterius
1262 3115 1396 3200 progredi
1417 3153 1427 3190 Ι.
1449 3113 1598 3184 Tandem,
1627 3131 1695 3174 cum
1727 3111 1815 3194 quasi

553 3229 605 3294 per
625 3211 748 3278 mediam
770 3219 868 3280 horam
890 3218 1001 3310 detenti
1021 3196 1196 3292 fuissemus,
1211 3219 1403 3310 ¹ascendimus,
1428 3227 1455 3280 dt
1476 3219 1536 3280 duo
1565 3215 1669 3298 Presby
1674 3211 1744 3282 teri,
1762 3211 1816 3298 qui

555 3317 708 3381 nobiseum
729 3339 835 3392 erant,
855 3302 1066 3415 praecesserunt
1085 3323 1123 3383 ad
1144 3323 1334 3416 reverentiam
1358 3327 1468 3408 Papae,
1500 3330 1529 3382 dc
1561 3323 1613 3384 rix
1643 3321 1715 3382 illuc
1745 3315 1825 3378 adire

557 3435 731 3500 potuerunt,
754 3432 780 3484 dt
803 3405 990 3488 firmaverunt
1012 3449 1041 3488 se
1061 3449 1091 3489 se
1120 3446 1188 3490 ante
1220 3432 1349 3510 Papam,
1378 3426 1445 3488 hinc
1473 3427 1542 3488 inde
1569 3445 1655 3510 super
1685 3422 1822 3512 gradibus

556 3528 677 3587 summis
698 3529 781 3599 solii,
804 3539 831 3590 δι
854 3553 913 3594 non
933 3553 1016 3594 erant
1035 3533 1111 3594 ranei
1139 3532 1251 3598 aditus,
1274 3547 1307 3592 ut
1336 3531 1386 3592 six
1417 3531 1459 3590 ire
1486 3545 1583 3612 posset
1613 3533 1698 3616 Rex,
1725 3544 1820 3610 quem

560 3626 653 3706 primo
674 3636 858 3730 praecedebat
879 3641 1093 3736 Sanseverinas,
1117 3639 1222 3698 deinde
1243 3657 1296 3720 ego
1326 3633 1414 3696 simul
1443 3635 1624 3716 coequalis
1619 3655 1688 3695 cum
1722 3635 1822 3721 Rege,

561 3745 647 3806 ¹1¹0¹¹¹
666 3721 813 3830 ¹¹¹¹¹¹5aiarn
835 3743 934 3804 dimisi
954 3765 1067 3827 pemper
1093 3764 1160 3805 eum
1182 3761 1230 3823 per
1261 3760 1378 3836 manum
1408 3745 1543 3836 ducens,
1575 3739 1617 3800 sic
1651 3736 1732 3796 anim
1761 3736 1827 3824 ipsc

560 3829 692 3898 ¹⁰¹⁰b¹¹⁹
715 3845 765 3886 ⁰⁶⁰
787 3845 815 3884 ¹¹¹
870 3847 879 3912 .‘
915 3848 998 3908 'tere
1021 3849 1153 3910 solebat.
1176 3862 1273 3930 respue
1295 3865 1357 3916 ter,
1377 3867 1444 3910 cun
1467 3845 1593 3932 aequali,
1614 3861 1681 3904 ante
1702 3845 1817 3922 Papam

560 3931 594 3994 ¹¹¹
616 3930 714 3996 ¹¹¹¹¹¹¹⁰
743 3903 932 4012 q¹¹¹¹¹³¹¹¹¹²¹
984 3951 991 3987 ¹
1071 3955 1077 3967 '
1219 3955 1376 4024 dexi1,nus
1394 3957 1473 4015 Rex
1502 3958 1531 4011 dc
1562 3969 1616 4031 ego
1646 3945 1829 4012 ascendum

559 4033 596 4094 ad
616 4034 746 4095 osculum
769 4035 867 4115 pedis,
890 4041 917 4094 dc
938 4033 1032 4118 ridens
1054 4051 1084 4095 ac
1117 4035 1238 4108 jubilans
1268 4056 1302 4116 pc
1329 4039 1634 4130 endeFrna‘num',
1665 4045 1692 4099 ds
1720 4035 1824 4101 faciem

562 4141 727 4210 osculatus,
748 4146 774 4198 dr
796 4139 895 4202 dicens
916 4140 1009 4222 aliqua
1029 4160 1116 4222 pauca
1139 4138 1223 4199 rerba
1246 4139 1274 4199 in
1301 4138 1410 4219 vulgari
1433 4141 1565 4210 Gallico,
1588 4162 1638 4224 per
1666 4161 1739 4226 quae
1776 4145 1827 4206 de

563 4245 779 4330 monstrabatur
798 4244 969 4324 laetissimus
984 4244 1086 4324 ,quod
1109 4243 1219 4306 videret
1241 4242 1310 4304 facie
1340 4247 1374 4306 ad
1402 4241 1503 4340 faciem
1535 4243 1705 4338 Pontificem
1733 4249 1819 4314 Vica-

564 4349 640 4412 rium
663 4355 728 4413 lesu
751 4352 859 4411 Christi
881 4353 1002 4428 Domini
1025 4353 1142 4423 Nostri,
1162 4359 1243 4424 cuius
1267 4352 1380 4418 lilium.
1412 4359 1439 4412 dc
1461 4355 1630 4420 servitorem
1655 4357 1822 4442 praeseiere·

566 4452 634 4521 bat,
656 4455 925 4539 deditissimumque
948 4457 983 4517 ad
1004 4458 1101 4518 omnia
1121 4464 1182 4532 ejus
1204 4459 1354 4519 mandata:
1377 4461 1526 4522 aduersum
1556 4481 1643 4542 quem
1665 4463 1754 4525 etiam
1771 4468 1825 4530 Pa·

566 4579 604 4642 pa
625 4561 845 4643 benignissime,
868 4571 895 4621 dc
918 4563 1120 4624 humanissime
1143 4565 1310 4647 respondit,
1331 4564 1429 4624 omnia
1453 4565 1518 4624 haec
1540 4565 1571 4626 iu
1592 4570 1687 4630 Deum
1704 4565 1823 4632 transfe-

561 4681 648 4758 rens,
672 4671 699 4726 de
722 4669 786 4727 Deo
807 4667 906 4730 omnia
926 4667 1101 4746 attribuens,
1133 4675 1162 4732 dr
1192 4669 1225 4734 in
1257 4672 1376 4736 ueritate
1398 4677 1474 4758 Papa
1494 4674 1605 4756 optime
1634 4673 1748 4736 locutus
1775 4689 1823 4758 ets
