4372 5842
1527 717 1548 772 2

395 837 501 904 troppo
522 819 620 882 buono
640 819 800 901 scriptore,
823 823 852 878 bt
873 817 962 880 anche
982 817 1086 904 percbl
1102 793 1157 881 'me
1178 835 1262 882 trouu
1282 815 1424 903 impedito
1452 817 1489 882 da
1509 719 1652 882 uudimass

396 941 460 994 uo,
491 943 507 982 e
537 923 652 986 sariami
674 941 748 984 stato
769 920 906 982 difficile.
926 922 1088 986 Florentiae
1109 926 1157 986 die
1181 947 1206 986 r.
1228 925 1331 1006 Oclob.
1357 931 1442 997 1488.

1120 1235 1158 1292 V.
1183 1236 1210 1296 S.
1231 1234 1421 1296 Humillimus
1442 1233 1567 1298 servitor

1194 1340 1277 1400 Laut.
1297 1333 1342 1399 de'
1356 1338 1498 1400 Medicis.

357 1657 424 1716 Cum
446 1653 504 1714 voti
524 1671 630 1730 compos
647 1650 740 1729 fallar
758 1655 886 1731 fuisset,
910 1651 978 1716 llaec
1000 1655 1039 1713 ed
1057 1673 1118 1712 eum
1134 1653 1182 1714 Io.
1202 1653 1287 1714 card·
1300 1641 1650 1733 Andegaoenrisscripsltt

391 1753 547 1839 Magnifice
569 1775 600 1816 ac
621 1772 721 1838 potens
742 1759 841 1818 Frater
860 1757 1130 1820 nostercsrissimee
1152 1758 1291 1820 Salutem.
1312 1759 1401 1840 Quod
1420 1757 1545 1827 bonum,
1561 1755 1649 1828 felix.

390 1856 516 1920 faustum
536 1859 574 1920 sit
594 1859 847 1923 Reverendissimo
867 1861 942 1924 Filio
963 1879 1077 1931 restro.
1105 1861 1336 1949 Magnificentius
1358 1881 1466 1926 restrae
1484 1872 1511 1924 δι
1533 1861 1648 1926 civitati

389 1963 572 2024 florentinae
594 1962 645 2024 liae
667 1963 736 2026 hora
756 1983 866 2025 creatus
887 1962 942 2026 luit
961 1964 994 2026 in
1015 1965 1198 2029 cardinalem
1221 1966 1296 2032 filius
1318 1983 1410 2030 vester
1431 1965 1648 2028 Reverendissi·

389 2087 453 2128 mus
476 2069 513 2126 D.
535 2070 658 2128 Joarrnea
679 2067 719 2144 de¹
739 2071 879 2141 Medicis,
900 2069 980 2152 quod
999 2071 1082 2130 nobis
1102 2053 1197 2133 tantae
1220 2073 1361 2164 voluptati
1382 2086 1444 2141 est,
1472 2087 1582 2160 quanta
1602 2079 1650 2134 tes

391 2168 521 2234 ullaesse
534 2171 693 2261 potuisset.
714 2175 801 2236 Vale:
824 2177 936 2245 Romae
957 2175 1013 2234 1x.
1035 2175 1135 2240 Martii
1155 2185 1242 2261 ¹4⁸9*

303 2373 408 2457 (l)1.ss
431 2377 487 2440 Del
509 2381 637 2442 Nomine
660 2401 763 2444 amen.
784 2387 873 2445 Anno
893 2385 1101 2448 incarnationis
1123 2385 1279 2448 Domlnlce
1301 2385 1456 2448 millesimo
1477 2383 1649 2468 qnadrlgett·¹

383 2482 490 2544 tesimo
510 2482 703 2567 astuagesimo
723 2487 825 2548 ostano
849 2489 994 2550 lnditione
1015 2494 1085 2552 Vll.
1105 2490 1153 2552 die
1174 2511 1242 2552 vero
1261 2491 1366 2550 Martis
1387 2488 1525 2572 vigesima
1545 2501 1647 2568 quana

383 2585 496 2648 Mensis
516 2587 661 2651 Februarii
683 2611 762 2654 more
784 2593 943 2663 Floreniie‚
964 2593 1100 2656 videlicet
1119 2596 1149 2654 in
1162 2594 1209 2655 die
1230 2592 1511 2656 FestiritarisSancii
1533 2588 1644 2652 Marbie

384 2691 537 2773 Apostoli,
559 2696 748 2762 Pontificatus
769 2700 945 2760 Sanctissimi
965 2699 997 2759 in
1019 2699 1136 2760 Christo
1158 2701 1251 2760 Patris
1272 2706 1300 2760 δι
1323 2699 1445 2760 Domini
1462 2693 1585 2759 Domini
1597 2695 1647 2759 In·

384 2797 518 2858 nocentii
539 2797 640 2862 divina
661 2803 850 2874 Providentia
871 2807 928 2865 ΡΡ.
949 2803 1043 2864 octavi
1064 2805 1154 2862 Anno
1176 2803 1303 2884 quintor

242 2933 245 2938 ,
344 2898 464 2962 tunsis
485 2920 579 2984 pareat
599 2907 749 2982 evidenter
768 2909 894 2990 qualiter
914 2906 1099 2984 Reverendus
1121 2907 1152 2966 in
1180 2907 1298 2969 Christo
1330 2912 1415 2968 Pater
1444 2911 1472 2966 δι
1500 2903 1646 2966 Dominus

384 2991 531 3079 Dominus
552 3010 721 3085 Benedicitur
742 3012 779 3088 de
800 3011 985 3096 Pagbanottis
1006 3009 1042 3070 de
1063 3011 1085 3070 F
1088 3011 1226 3080 lucentia,
1250 3011 1305 3071 Dei
1327 3017 1354 3069 δι
1377 3011 1546 3092 Apostolice
1565 3005 1646 3069 Sedis

381 3105 475 3186 gratia
498 3110 655 3194 Episcopus
675 3115 849 3188 Veronensis
870 3112 943 3175 infra
963 3113 1120 3188 Missurum
1141 3113 1284 3178 Solemnis
1314 3111 1530 3203 Ponrilicalibps
1562 3107 1646 3170 indu·

381 3224 429 3270 tus
453 3209 560 3274 virtute
581 3214 679 3275 Brevis
700 3217 873 3298 Apostolici,
887 3222 967 3294 cuius
987 3235 1071 3293 tenor
1090 3219 1155 3279 talis
1177 3235 1228 3289 est,
1252 3218 1385 3284 videlicet
1406 3183 1522 3299 atergd
1533 3211 1640 3277 diiedo
1750 3209 1754 3217 '

379 3312 458 3374 Pilio
478 3317 585 3377 loanni
603 3317 642 3386 de
665 3321 785 3382 Medicis
812 3321 926 3384 clerico
958 3321 1127 3382 Florentino
1157 3321 1281 3384 Notario
1311 3339 1430 3390 nostro,
1464 3321 1545 3380 intus
1574 3337 1643 3380 vcro

380 3416 571 3482 Innocentius
594 3422 650 3480 l’P.
671 3426 757 3490 vill.
781 3425 892 3488 oileus
914 3425 974 3488 Fili
992 3426 1121 3486 Salutem
1139 3431 1167 3484 st
1179 3425 1376 3507 Apostolicam
1388 3423 1642 3488 benedictionem.

379 3519 436 3581 Pio
455 3518 600 3583 desiderio
617 3539 671 3585 tuo
691 3544 842 3608 paternum
864 3529 896 3590 in
923 3531 1055 3605 Domino
1086 3529 1235 3612 prebentes
1265 3549 1429 3596 assensum,
1461 3523 1643 3610 supplicatio·

378 3621 521 3708 albusque
541 3643 594 3698 ¹tuo
612 3630 731 3702 nomine
753 3631 846 3692 Nobis
867 3634 1004 3714 porretiis
1031 3633 1179 3694 inclinati.
1198 3632 1270 3706 Tibi
1289 3631 1341 3716 qui
1362 3638 1418 3708 (ut
1438 3630 1553 3706 asseris)
1574 3621 1644 3706 legi·

377 3721 483 3788 rimam
504 3727 540 3790 ad
561 3731 756 3814 suscipiendos
777 3737 874 3796 Sacros
895 3734 1023 3797 Ordines
1043 3753 1150 3798 etatem
1170 3755 1229 3796 non
1251 3723 1353 3810 babes,
1374 3751 1407 3808 ut
1423 3755 1440 3795 a
1459 3743 1648 3816 quocumque

378 3827 513 3889 malueris
534 3831 685 3912 Catholico
707 3837 850 3898 Antistite
872 3839 992 3920 gratiam
1013 3847 1040 3898 δι
1062 3843 1279 3904 comunionem
1302 3838 1469 3922 Apostolicc
1490 3833 1568 3896 Sedis
1589 3832 1641 3889 laa-

376 3925 463 3990 bente
477 3931 521 3992 acl
541 3934 782 4008 subdiaconatus,
804 3945 831 3998 δι
861 3940 1038 4004 Diaconatus
1057 3943 1186 4016 Ordines
1205 3963 1286 4014 extra
1306 3959 1435 4019 temporo
1457 3957 1473 3995 ²
1495 3941 1553 4010 ll!re
1582 3949 1639 3994 ⁸²²·

378 4043 442 4094 eura
463 4035 562 4117 aliquo
582 4040 629 4100 die
650 4043 810 4120 Dominus
832 4045 876 4120 rel
898 4045 1033 4116 terrico,
1069 4044 1156 4105 simul
1188 4044 1234 4114 vel
1264 4041 1438 4109 successive,
1469 4035 1638 4122 promovori

376 4139 490 4220 possis,
512 4142 592 4205 &in
613 4143 672 4204 illie
693 4163 842 4227 promotus
863 4147 950 4208 libere
972 4155 998 4208 δι
1028 4147 1109 4222 licite
1141 4147 1234 4208 valeas
1264 4144 1443 4218 ministrare,
1474 4141 1637 4206 dummodo

376 4236 413 4299 ad
434 4239 466 4302 id
488 4243 556 4304 alias
576 4246 725 4327 reperiaris
744 4249 864 4310 idoneus
884 4255 911 4308 st
934 4249 1013 4312 aliud
1034 4249 1207 4312 canonicum
1227 4268 1288 4311 non
1308 4249 1445 4320 obsistat,
1467 4268 1550 4334 super
1576 4265 1636 4328 quo

333 4403 334 4406 ,
374 4357 456 4406 tuam
476 4351 505 4406 lle
527 4347 616 4428 ipsine
649 4351 800 4414 Antistitis
824 4354 1030 4415 conscientiam
1061 4375 1231 4418 oneramuss
1260 4355 1409 4422 licentiam
1440 4359 1469 4417 δι
1498 4351 1638 4418 Antistiti

373 4445 431 4528 ipsi
452 4449 517 4510 illos
537 4449 592 4510 ribi
612 4449 778 4512 conserendi
811 4451 974 4518 facultatem
1006 4459 1176 4542 elargimur,
1198 4457 1310 4534 defecit
1328 4459 1412 4536 etatis
1439 4457 1582 4542 predicet
1602 4475 1636 4520 ²⁶

376 4549 642 4616 constitutionibus
661 4561 688 4614 st
712 4556 951 4620 ordinationibus
972 4563 1147 4643 Apostolicis
1166 4567 1331 4648 ceterisque·
1343 4567 1375 4626 in
1396 4562 1572 4626 contrarium
1592 4555 1633 4627 fs·

379 4649 522 4717 cientibus
540 4655 799 4726 nonobstantibus
818 4661 1064 4808 quibuscuppqpe.
1084 4669 1194 4756 Datum
1214 4671 1310 4736 Rome
1327 4667 1404 4756 apud
1424 4667 1557 4760 sandicus
1578 4665 1631 4742 Pe:

1050 4767 1069 4808 2
1189 4776 1193 4785 .
