4386 5838
625 623 630 636 ¹
733 598 764 667 V
862 602 876 672 1
973 597 1006 672 T
1089 601 1164 672 vlt·
1514 609 1588 692 105'

289 711 327 789 in
363 713 570 788 deditionem
595 715 798 804 reciperetur
825 721 925 811 petiit
949 744 990 792 ea
1016 719 1234 806 conditione,
1259 735 1297 790 trt
1322 720 1541 814 laurentiani
1562 723 1631 792 mi·

294 834 396 924 lites,
420 839 479 930 qui
506 855 602 905 erant
630 836 663 904 in
689 841 880 926 praesidio,
907 837 1040 934 abjedlis
1066 841 1189 926 armis,
1220 857 1296 909 tuto
1330 840 1422 912 exire
1462 850 1641 930 possenti

302 962 413 1046 Capto
438 945 590 1046 Urbino,
614 959 694 1032 laeti
720 961 893 1045 Feltriani,
908 961 1003 1033 velut
1029 959 1211 1050 explorata
1228 955 1397 1045 victorie,
1423 959 1562 1052 reliqua,
1578 982 1640 1050 op·

302 1075 381 1164 pide
411 1101 606 1168 oppugnare
633 1101 842 1166 coeperunt,
867 1104 975 1172 quae,
1002 1099 1041 1152 ut
1077 1081 1194 1150 eadem
1226 1079 1404 1152 deditionis
1439 1080 1648 1152 conditione-

306 1215 508 1282 uterentur,
533 1197 574 1268 ab
599 1197 640 1266 iis
668 1197 768 1269 facile
803 1197 1051 1287 impetrarunt·
1090 1201 1167 1276 Non
1201 1201 1273 1289 pari
1306 1199 1466 1272 felicitate
1506 1203 1636 1272 Fanum

307 1317 477 1384 Fortunae
502 1333 702 1400 tentarunt,
733 1339 775 1384 ex
800 1339 868 1408 quo
893 1316 970 1390 loco
1004 1341 1081 1390 cum
1107 1319 1349 1390 discessissent.
1371 1337 1482 1390 castra
1506 1341 1640 1408 posue·

306 1452 388 1504 aunt
412 1433 447 1503 in
473 1437 592 1506 Monte
619 1437 803 1522 Baroccio‚
828 1436 907 1506 loco
931 1437 1219 1526 opportunissimo
1257 1437 1299 1508 ad
1335 1436 1581 1510 defendendam
1618 1458 1646 1508 ι

231 1562 235 1570 ’
296 1571 402 1642 ,tergo
427 1552 622 1624 universam
655 1554 869 1628 Urbinatium
890 1555 1076 1626 ditionem.
1115 1556 1338 1634 intoleranter
1368 1553 1484 1629 dolens
1518 1553 1640 1628 Ponti·

304 1669 386 1760 serr,
412 1675 504 1766 quod
529 1677 646 1748 hostes
681 1677 796 1748 urbem
836 1695 938 1765 atque
975 1675 1101 1765 oppida
1141 1681 1175 1750 dt
1200 1676 1269 1748 loci
1302 1695 1449 1763 natura,
1474 1679 1508 1744 δι
1532 1695 1640 1750 mauu

303 1795 434 1866 munita
460 1795 576 1882 paucis
600 1797 744 1882 diebus,
770 1795 891 1886 quibus
916 1816 959 1864 eo
984 1814 1124 1866 ventum
1147 1814 1242 1883 erat,
1263 1796 1298 1866 in
1316 1811 1519 1884 potestatem
1538 1815 1636 1863 suant

304 1913 541 2004 redegissent,
566 1915 696 2008 legatos
721 1939 860 2008 quoquo
898 1937 1017 1990 versus
1057 1915 1245 2002 dimittere,
1284 1915 1486 2007 conjurare,
1518 1912 1647 2001 copias

265 2032 273 2052 ¹
304 2053 450 2121 parate,
477 2035 604 2119 atrxilia
629 2037 801 2127 ducesque
822 2062 841 2108 a
864 2036 1072 2117 Florentinis
1099 2036 1193 2118 suis,
1218 2058 1239 2105 a
1262 2031 1408 2104 Vitelliis
1439 2031 1634 2108 Tifernus-0.

303 2151 389 2238 bus,
409 2177 435 2222 a
460 2152 635 2226 Ballioniis
662 2157 860 2241 Perusinis,
891 2153 1033 2246 aliisque
1063 2151 1242 2242 implorare
1267 2175 1337 2222 uon
1362 2151 1518 2234 destitit.
1555 2149 1635 2224 Tali

304 2273 405 2344 modo
429 2273 607 2344 sexdecim.
625 2272 695 2345 lere
720 2275 824 2346 millia
848 2275 997 2366 peditum
1023 2271 1159 2362 coegit,
1188 2271 1223 2342 in
1246 2271 1343 2362 queis
1370 2291 1468 2344 erant
1502 2268 1638 2362 aliquot

200 2435 208 2448 ·
303 2393 499 2464 Vasconum
524 2395 701 2484 colrottes,
726 2417 789 2466 nec
814 2419 883 2466 non
909 2398 1179 2481 Germanorum,
1209 2418 1354 2486 quorum
1379 2392 1486 2466 virtus
1520 2391 1636 2462 suetae

302 2509 561 2583 indefensione
585 2515 739 2584 Veronae
767 2515 928 2606 cognita.
954 2515 996 2584 lli
1020 2536 1136 2592 omues
1161 2538 1238 2585 cum
1272 2515 1430 2608 equitatu
1458 2509 1640 2608 Pontilicis¹

302 2631 337 2700 8(
362 2627 634 2702 Florentinorum
660 2633 789 2702 Pisauri
815 2654 1033 2720 convenere,
1057 2655 1143 2724 quos
1180 2633 1230 2704 ita
1266 2618 1519 2704 distribuendos
1545 2653 1634 2699 cen-

302 2745 374 2816 suit
399 2748 624 2852 Laurentius,
661 2770 700 2822 ut
737 2749 812 2822 Itali
849 2750 1097 2837 Candelaram,
1136 2749 1242 2820 exteri
1277 2748 1481 2842 Nugolaram
1519 2745 1643 2834 (suut¹

300 2865 387 2938 haec
412 2869 581 2968 montibus
602 2917 612 2950 ,
636 2870 669 2934 &
693 2867 839 2941 castellis
866 2871 902 2942 in
925 2892 1057 2944 summo
1081 2892 1199 2950 eorum
1215 2871 1344 2960 positis
1370 2893 1442 2942 non
1460 2866 1562 2960 longe
1579 2868 1635 2940 Pi·

297 3004 405 3055 sauro
430 2985 598 3084 nomina)
623 3009 833 3083 occuparent
849 3042 862 3082 .,
884 2990 1282 3074 Bellrfortunamuaud
1316 2989 1514 3063 tentandam
1546 2989 1634 3068 Pouq
1699 2989 1700 2992 ’

302 3101 390 3174 silex
413 3107 648 3194 existimabat,
673 3131 743 3180 non
769 3111 879 3182 solum
903 3112 987 3204 quia
1011 3114 1098 3200 tiro,
1123 3118 1155 3184 dt
1180 3111 1293 3197 mala,
1319 3129 1378 3181 aut
1401 3107 1496 3180 nulla
1534 3107 1635 3178 disci·

301 3221 392 3314 plina
417 3224 596 3298 institutus
622 3247 694 3298 erat
719 3231 891 3301 exercitus
915 3229 1099 3316 Italorum,
1118 3254 1229 3330 neque
1254 3250 1456 3322 magnopere
1481 3223 1643 3296 confide··

303 3344 361 3416 bat
386 3345 508 3418 virtuti
534 3351 567 3418 δι
592 3349 791 3448 prudentiae
814 3351 1014 3436 Laurentii,
1038 3351 1097 3423 sed
1121 3350 1221 3421 etiam
1237 3349 1320 3440 quia
1335 3347 1520 3440 periculum
1541 3361 1635 3428 erat,

302 3485 347 3536 ne
370 3466 399 3536 si
420 3465 538 3538 hostes
564 3469 754 3559 superiores
779 3471 1035 3556 discessissent,
1059 3470 1171 3540 omnis
1195 3468 1331 3562 illorum
1346 3447 1400 3540 vis
1420 3466 1462 3538 ad
1477 3463 1636 3544 Etruriae

302 3583 482 3682 perniciem
509 3605 795 3664 converteretur.
831 3571 884 3663 nd
908 3593 941 3690 id
967 3615 1036 3663 non
1059 3591 1118 3662 diu
1137 3589 1278 3682 eosdem
1303 3589 1346 3661 ab
1369 3585 1515 3678 pecunia
1539 3587 1572 3656 δι
1598 3605 1642 3664 re

301 3697 526 3782 frumentaria
550 3707 743 3816 laborantes
768 3711 857 3784 iniis
874 3712 958 3812 locis
982 3734 1182 3799 mansuros,
1207 3715 1241 3801 dt
1265 3729 1382 3802 pacem
1398 3704 1645 3798 imploratum

268 3881 271 3886 .
298 3825 489 3916 sperabat„
514 3828 710 3934 exieratque
735 3829 801 3926 jam
827 3833 922 3930 sama
950 3833 1114 3929 indignari
1146 3835 1319 3926 Hispanos
1346 3827 1466 3902 milites
1504 3823 1552 3896 ibi
1576 3823 1641 3891 int·
1683 3925 1686 3931 .

301 3939 431 4041 perium
457 3969 530 4020 esse
545 3949 639 4034 subi
662 3972 734 4028 non
759 3970 850 4032 esset
888 3953 1072 4046 praedandi
1111 3951 1283 4026 facultas.
1303 3950 1470 4020 ,Auxere
1488 3943 1638 4015 animum

303 4059 479 4146 Pontificis
504 4065 668 4156 promissa
690 4073 848 4146 Caesaris
870 4055 907 4146 ¹&
930 4071 1101 4148 Catholici
1127 4074 1249 4162 Regis,
1270 4068 1556 4155 mandaveratque
1579 4061 1636 4132 hic

302 4179 370 4274 jam
393 4183 566 4284 Potentipe
590 4188 741 4272 Conui,
765 4209 804 4266 ut
829 4192 990 4266 educeret
1013 4217 1032 4289 e
1057 4190 1282 4282 Neapolitano
1306 4191 1425 4279 Regno
1458 4197 1571 4254 cccc.
1596 4203 1639 4252 e-

305 4301 441 4394 quites,
463 4303 573 4397 iisque
598 4305 728 4378 auxilio
753 4309 940 4384 Pontificiis
963 4311 1099 4386 veniret
1113 4359 1122 4379 .
1135 4313 1261 4401 ⁴Neque
1279 4307 1346 4380 hoe
1371 4321 1554 4376 contentus
1570 4296 1650 4392 pri-z

257 4413 261 4420 ’
285 4419 401 4512 ¹cavit
423 4411 588 4500 Feltrium
605 4427 709 4501 Sorae
733 4409 882 4536 ditione,
907 4451 1010 4524 quam
1034 4427 1124 4530 illius
1146 4447 1243 4528 pater
1265 4449 1388 4524 magua
1411 4421 1556 4520 pecunia
1573 4415 1652 4500 sibl,
