4472 5828
779 649 809 721 V
876 655 921 725 Ἰ
1019 655 1055 740 ΤΙ
1148 655 1176 726 A
1308 687 1311 693 ·
1568 669 1614 746 41

328 763 398 844 boc
425 765 551 845 fbedati
577 771 718 844 crimine
738 775 771 846 in
793 774 922 865 praelio
946 776 1216 847 occubuissent.
1242 778 1280 846 In
1297 777 1390 848 ·haec
1418 797 1517 848 tanto
1553 779 1670 848 animo

335 877 540 967 cobsensum
568 915 644 984 est,
678 898 905 988 nequicquam
938 896 1046 966 minas
1074 894 1271 988 jaclantibus
1299 899 1446 970 Concilii
1488 900 1673 984 Patribus,

277 1065 281 1074 -
335 1035 373 1086 ut
400 1017 508 1106 prima
532 1014 621 1086 inter
644 1018 770 1106 primos
795 1017 933 1086 nornina
958 1041 1020 1086 sua
1044 1015 1170 1086 vellent
1196 1016 1231 1085 in
1258 1015 1402 1105 publicis
1428 1017 1549 1088 tabulis
1575 1040 1674 1098 esse,

338 1156 446 1229 utque
471 1135 601 1208 scribae
626 1137 743 1228 Legati
770 1136 954 1208 referundo
980 1139 1116 1210 minime
1142 1141 1360 1221 sufficerent,
1385 1139 1477 1230 qu‘od
1500 1161 1570 1210 non
1602 1137 1679 1206 sine

336 1239 471 1330 illdrum
496 1256 724 1328 emolumento
750 1256 855 1328 fuisse
878 1277 1025 1329 testatur
1049 1263 1194 1331 Jovius.
1230 1263 1324 1332 Mens
1364 1260 1476 1332 fuerat
1512 1257 1673 1328 Pontifici-

339 1359 554 1464 ipsiterrere
576 1377 762 1449 minacibus
788 1377 912 1449 litteris
938 1379 1112 1452 Gallorum
1138 1382 1282 1471 Regem,
1305 1382 1407 1473 eique
1431 1380 1520 1450 diras
1541 1357 1674 1446 obnun-¹

342 1495 459 1577 ciare,
481 1497 549 1566 nisi
575 1489 737 1590 legatum
776 1521 875 1568 sunm
918 1503 954 1570 in
990 1499 1179 1572 libertatem
1221 1501 1467 1584 vindicasset3
1505 1497 1564 1569 sed
1597 1495 1683 1586 quit

342 1613 439 1688 multi
474 1636 570 1689 erant
606 1643 625 1690 e
664 1620 860 1706 Purpuratit
898 1621 1082 1706 Patribus,
1120 1624 1179 1714 qui
1222 1622 1440 1692 inclinantes¹
1468 1621 1509 1690 ad
1539 1639 1683 1708 pacem,

341 1719 539 1809 flec‘lendum
564 1738 705 1826 potius,
735 1759 838 1828 quarn
872 1737 1074 1810 irritandum
1111 1745 1213 1834 Regis
1244 1743 1389 1813 animum
1415 1742 1601 1829 putabant,
1625 1761 1683 1806 eo·

341 1881 416 1928 rum
456 1853 601 1926 consilio
643 1879 683 1926 ac
726 1856 884 1946 precibus
925 1859 967 1930 ab
1015 1861 1210 1954 hujusmodi
1262 1861 1526 1932 obnuntiatione
1572 1853 1683 1926 absti-

261 2069 264 2076 .
343 1973 444 2060 nuit,
483 1975 620 2066 egitque
653 1975 780 2066 gratias
816 1980 983 2067 Legat0,
1004 1981 1095 2072 quod
1131 2006 1200 2073 quo
1228 2000 1361 2072 poterat
1384 1977 1483 2048 modo
1509 1973 1688 2044 bominum

343 2089 456 2165 studia
482 2095 523 2164 ad
548 2093 712 2164 utilitates
738 2118 817 2166 suas
842 2095 994 2167 alliceret
1021 2117 1121 2190 atque
1146 2101 1335 2182 excitaret,
1363 2096 1566 2185 fortiterque
1602 2090 1683 2163 resi·

344 2230 447 2283 steret
472 2213 605 2284 acribus
631 2213 780 2285 Concilii
805 2215 1122 2310 objurgationibus.
1146 2221 1222 2305 lpse
1252 2217 1382 2286 interea
1408 2217 1472 2284 rite
1488 2213 1683 2284 Concilium

346 2331 494 2413 indixit,
520 2334 612 2425 quod
636 2336 765 2406 Romae
790 2336 833 2406 ad
855 2337 944 2408 diem
969 2337 1108 2407 tertium
1134 2359 1301 2406 nonarum
1321 2333 1404 2404 Maii
1421 2317 1590 2405 'celebrari
1605 2356 1688 2402 coe·

343 2431 441 2541 ⁸ptum
467 2471 518 2522 est
544 2453 578 2524 iu
606 2452 731 2543 templo
755 2455 976 2526 Lateraneusi
1002 2481 1124 2548 magna
1149 2459 1284 2528 Parrum
1311 2454 1535 2548 frequentia,
1556 2475 1690 2542 preces·

349 2597 415 2663 que
441 2597 570 2646 summa
605 2597 681 2645 cum
708 2577 914 2646 caerimonia
938 2579 1015 2646 Deo
1038 2577 1169 2666 optimo
1195 2576 1367 2660 maximo,
1392 2595 1430 2646 ut
1466 2591 1552 2646 vota
1575 2571 1692 2644 homi«

348 2715 430 2762 num
456 2695 518 2764 rite
545 2713 848 2785 nuncuparentur,
874 2693 1004 2766 fabiae.
1035 2698 1095 2768 Per
1120 2695 1198 2766 illos
1221 2696 1292 2766 dies
1316 2693 1424 2766 lulius
1447 2690 1605 2763 Vitellius
1627 2688 1691 2758 Ti·

352 2809 535 2909 fernatium
561 2817 770 2905 Episcopus,
798 2817 877 2907 qui,
904 2815 1160 2893 conditionibus
1178 2814 1348 2902 acceptis,
1375 2816 1560 2884 Ravennae
1581 2829 1694 2886 arcent

350 2931 458 3000 Gallis
485 2935 686 3021 tradiderat,
711 2957 753 3006 eo
780 2959 857 3006 cum
884 2934 992 3026 copiis
1012 2935 1053 3005 ad
1073 2932 1332 3025 expugnandam
1350 2931 1440 3004 illam
1457 2933 1607 3018 rediens,
1623 2947 1695 3000 tra-

355 3051 436 3122 ditis
456 3055 728 3142 conditionibus,
747 3056 886 3144 recepit.
901 3055 1071 3144 Oppidani
1087 3054 1191 3126 cladis
1207 3075 1288 3124 suae
1302 3055 1488 3146 contraius
1507 3049 1626 3143 fasque
1642 3073 1700 3120 ac«
1809 3039 1811 3042 ⁵

354 3190 475 3260 ceptae
495 3195 682 3273 memores,
705 3197 855 3268 quatuor
870 3174 1048 3246 Gallorum
1065 3169 1279 3264 praefectos,
1303 3175 1338 3242 in
1364 3197 1440 3243 arce
1459 3173 1521 3265 qui
1541 3170 1698 3254 fuerant,
1805 3217 1823 3228 -

356 3287 421 3361 lide
437 3315 507 3362 non
524 3314 672 3380 servata,
687 3295 787 3366 vivos
803 3295 1023 3386 sepelierunt,
1036 3293 1224 3366 cervicibus
1241 3317 1340 3384 supra
1354 3313 1476 3364 terram
1494 3291 1707 3362 extantibus.

450 3415 585 3486 Interea
608 3413 784 3488 Gallorum
812 3421 908 3502 Rex,
941 3413 1225 3504 cumplurimum
1254 3438 1274 3484 a
1304 3411 1538 3482 Maximiliano
1565 3415 1698 3482 Caesa·
1791 3485 1796 3490 ,

356 3553 413 3618 re,
437 3533 496 3624 qui
527 3530 649 3604 foedus
683 3557 762 3606 curn
795 3537 956 3624 Venetis,
996 3542 1031 3609 bt
1063 3534 1227 3606 Pontifice
1253 3533 1406 3618 inierat,
1440 3537 1474 3604 ar
1507 3533 1547 3602 ab
1574 3510 1699 3604 Helve-

357 3650 438 3735 tiis,
471 3653 530 3743 qui
556 3653 598 3724 ad
631 3655 762 3726 ltaliam
788 3659 976 3730 adventare
1002 3656 1229 3741 dicebantur,
1252 3653 1410 3740 timeret,
1435 3649 1579 3738 milites,
1610 3671 1703 3746 quos

357 3767 392 3839 in
417 3772 601 3860 praesidiis
616 3774 804 3847 Mediolani
830 3775 1082 3861 collocaverat,
1116 3795 1280 3848 revocate
1306 3773 1453 3862 coepit.
1486 3770 1597 3842 Multa
1635 3770 1705 3852 alia

357 3889 499 3968 adversa
528 3889 638 3963 Gallis
668 3894 887 3981 acciderunt,
919 3898 963 3970 ob
990 3920 1079 3988 quae
1105 3879 1226 3969 eorum
1253 3896 1345 3966 vires
1379 3893 1419 3962 in
1452 3890 1550 3962 Italia
1587 3889 1700 3980 pluri-

359 4029 451 4080 mum
484 4011 681 4110 imminutae
717 4014 888 4103 fuerunt,
919 4041 1040 4109 resque
1077 4017 1161 4088 adeo
1193 4015 1279 4084 bene
1310 4032 1487 4106 gesserunt
1528 4009 1703 4112 Helvetiig

358 4146 396 4196 ut
429 4129 587 4200 Pontifex
625 4132 658 4203 in
692 4135 922 4206 cardinalium
952 4137 1107 4228 Collegio
1140 4136 1313 4207 Romanae
1333 4130 1553 4228 Reipublicae
1579 4131 1703 4210 ,lesen-

361 4269 451 4319 sores
476 4249 726 4338 appellaverit,
760 4272 863 4344 atque
894 4256 947 4326 nri
986 4279 1030 4326 eo
1069 4257 1209 4326 nomine
1240 4255 1397 4326 omnibus
1436 4251 1474 4314 21»
1504 4241 1702 4318 immitibus

363 4363 612 4451 appellarentur
638 4372 795 4441 censuit.
829 4377 974 4444 loannes
1011 4399 1119 4455 vero,
1151 4377 1211 4472 qui
1254 4375 1369 4430 mbrO
1403 4358 1574 4428 mutandis
1610 4359 1703 4440 locis
1783 4389 1785 4392 ·

364 4473 548 4559 attritorum
570 4488 648 4562 fidei
674 4511 712 4562 ee
739 4495 949 4566 committere
982 4495 1114 4596 coaetus
1160 4476 1296 4566 fuerat,
1316 4475 1364 4550 de
1388 4474 1501 4554 salute
1523 4501 1589 4550 aua
1615 4477 1705 4571 de„

634 4699 721 4711 ιαμ-..α
