4386 5838
617 681 683 750 142
1000 674 1026 742 L
1074 674 1101 744 E
1150 673 1183 744 0
1230 675 1260 744 Ν
1307 672 1323 740 l
1372 673 1394 741 S
1467 667 1506 739 tt.

566 782 741 855 Gallorum
766 789 914 880 Regem,
941 789 1070 862 nullum
1096 794 1311 884 patiebantur
1338 815 1375 863 se
1392 791 1491 861 officii
1507 811 1585 880 erga
1611 787 1803 859 Pontificem
1828 805 1902 860 stu·

565 907 682 997 diique
708 931 851 993 munus,
879 930 938 982 aut
961 932 1090 1002 tempus
1117 917 1405 1004 praetermittere,
1437 913 1472 982 in
1503 912 1590 981 hanc
1624 910 1822 999 opinionem
1846 910 1900 980 di·

496 1045 502 1059 ·
566 1048 780 1112 acesserunt,
806 1049 843 1099 ut
870 1034 1019 1104 Luth'ero
1045 1036 1108 1124 ipsi
1133 1055 1284 1125 potestas
1311 1035 1404 1104 fieret
1429 1051 1505 1102 tuto
1532 1031 1578 1116 ad
1599 1027 1780 1100 concilium
1797 1027 1901 1101 ¹acce·

567 1146 693 1223 dendi‚
720 1173 925 1244 suorumque
952 1153 1116 1238 fabiorum
1142 1179 1182 1226 ac
1208 1152 1372 1224 dictorum
1402 1153 1570 1223 rationem
1593 1149 1773 1222 reddendi.
1797 1151 1900 1241 Lega-

568 1282 623 1333 tus
650 1269 822 1340 Pontificis
848 1295 883 1342 se
911 1275 1449 1362 contraettmtotumparaba13
1491 1272 1572 1365 quid
1608 1271 1743 1364 assequi
1780 1285 1898 1360 posset

566 1388 758 1473 nesciebat,
782 1392 875 1484 quod
901 1393 936 1464 in
961 1417 1003 1464 eo
1029 1414 1129 1467 coetu
1169 1393 1281 1484 plures
1322 1413 1442 1473 erant,
1483 1393 1557 1463 sine
1594 1392 1896 1484 quorumstudio

566 1527 737 1596 nunquam
764 1510 798 1578 in
824 1509 881 1583 illo
908 1513 1067 1586 delendae
1098 1515 1206 1584 omnis
1230 1513 1426 1585 Pontificiae
1451 1513 1630 1604 potestatis
1653 1529 1723 1582 tam
1747 1507 1909 1617 scelera·-⁸

567 1643 623 1698 tus
650 1629 792 1720 impetus
819 1633 1014 1704 extitisset.
1040 1633 1271 1706 Fidentissinte
1296 1634 1462 1704 lutherus
1489 1633 1531 1704 ad
1566 1629 1746 1702 consiliunt
1779 1631 1896 1716 teuit,-

566 1750 776 1837 &quamvis
815 1751 914 1822 fateri
939 1753 1072 1824 minime
1097 1753 1303 1826 dubitaverit
1328 1777 1363 1823 se
1389 1752 1496 1823 multa
1520 1757 1553 1823 a
1579 1752 1706 1823 dixisse
1745 1755 1777 1821 dt
1810 1750 1898 1820 scri·

566 1865 674 1972 psisss
698 1871 887 1943 vehementi
914 1873 1106 1948 iracundia.
1143 1879 1177 1946 bt
1216 1876 1392 1963 repentino
1429 1874 1598 1970 quodam,
1638 1872 1736 1962 quasi
1767 1888 1894 1955 vento,

566 1985 694 2076 impetu
720 1991 818 2063 animi
843 1992 1038 2076 incitatum,
1062 1992 1148 2064 nihil
1173 2013 1287 2068 tamen
1311 2013 1439 2067 setam
1465 1993 1577 2068 vereri
1601 1992 1774 2070 ostendit,
1794 2013 1895 2084 qnam

565 2117 609 2174 n‘e
635 2109 675 2177 de
698 2090 911 2202 dogmatibus
937 2113 1004 2183 suis
1023 2115 1188 2205 ambigere
1208 2115 1396 2184 videretur.
1423 2119 1513 2186 Haec
1529 2115 1716 2204 pervicacia
1740 2133 1895 2204 magnam

565 2245 659 2310 spem
685 2225 767 2298 secit
794 2228 881 2300 illius
907 2233 1107 2304 adversariis
1133 2234 1231 2318 lore,
1269 2256 1307 2304 ut
1334 2235 1369 2304 in
1408 2258 1449 2304 eo
1494 2253 1719 2304 renovaretur
1756 2229 1893 2302 loannis

565 2344 638 2413 Ilus
654 2346 864 2438 exemplum,
888 2353 946 2442 qui
961 2373 1068 2426 morte
1085 2355 1282 2430 temeritatis
1305 2377 1387 2424 suae
1405 2377 1532 2444 poenas
1550 2352 1761 2442 Reipublicae
1777 2375 1900 2442 pepen·

565 2462 639 2536 dit·
673 2466 738 2542 Sed
756 2469 823 2538 hoc
849 2467 993 2548 alienum
1017 2496 1037 2540 a
1063 2473 1227 2564 dignitate
1251 2499 1313 2552 sua
1335 2497 1409 2554 esse
1429 2475 1562 2572 putavit
1578 2475 1727 2548 Caesar,
1748 2471 1895 2547 amhae

564 2582 727 2671 concilii,
753 2587 807 2666 vel
832 2612 894 2666 sua
918 2597 1030 2686 potins
1056 2595 1223 2670 sententia
1248 2614 1457 2679 contentus,
1482 2617 1568 2684 quae
1594 2592 1663 2668 lata
1689 2590 1764 2673 suit,
1790 2606 1895 2685 post·
1958 2624 1961 2640 ·

563 2725 664 2801 quarn
689 2705 857 2784 Lntherus
883 2711 981 2786 abeo
1004 2711 1230 2799 discesserat,
1256 2735 1396 2805 eratque
1414 2713 1448 2782 in
1472 2731 1549 2786 tuto
1565 2711 1781 2802 Wattbnrgi,
1801 2707 1894 2801 qnod

563 2805 724 2918 oppidum
744 2846 800 2896 est
827 2828 861 2904 in
885 2831 1054 2902 Senoniae
1079 2835 1185 2908 Ducis
1213 2833 1366 2909 ditione.
1390 2835 1537 2908 Cautum
1562 2852 1601 2900 ea
1626 2830 1716 2914 fuit,
1752 2852 1795 2900 ne
1831 2852 1896 2920 pa-

563 2937 630 3020 lam
654 2946 940 3032 concionaretur,
965 2953 1050 3020 n'eve
1075 2951 1201 3043 populo
1225 2975 1330 3042 prava
1353 2976 1416 3022 sua
1441 2954 1599 3042 dogmata
1626 2950 1791 3021 instillare
1811 2971 1894 3038 per-

564 3080 685 3160 geret,
713 3083 945 3158 statutumque
969 3070 1134 3158 agendum
1159 3095 1236 3148 tum
1262 3073 1361 3162 ipso,
1385 3091 1541 3170 tanquam
1566 3093 1640 3142 eum
1664 3071 1792 3144 natant)
1811 3069 1895 3141 bae-

566 3183 691 3270 retiaa‚
716 3185 747 3249 δι
772 3183 880 3257 scelus
907 3187 980 3260 fore
1004 3188 1123 3277 impias
1147 3193 1218 3284 ejus
1244 3195 1429 3272 sententias
1456 3194 1599 3284 probare
1627 3212 1735 3283 atque,
1754 3189 1893 3267 sedarii

564 3285 714 3372 Exorsus
739 3326 792 3373 est
818 3325 930 3384 autem
954 3304 1098 3381 Carolus
1122 3309 1189 3379 illis
1214 3313 1398 3404 magnificis
1437 3315 1574 3390 verbis:
1610 3307 1791 3401 Quoniam
1810 3313 1898 3381 inter

562 3441 674 3494 omnes
698 3421 872 3497 constabat
892 3413 932 3495 'se
953 3445 1063 3518 genus
1088 3429 1208 3507 ducere
1232 3455 1253 3500 a
1278 3433 1569 3506 christianissimis
1608 3431 1898 3524 Imperatoribus,

564 3541 713 3613 amabili
739 3544 873 3614 natione
897 3543 1117 3634 Germanica,
1156 3573 1178 3620 a
1214 3551 1391 3624 Catholicis
1429 3553 1621 3646 Hispaniae
1653 3551 1833 3644 Regibus,
1856 3546 1901 3620 ab

564 3663 813 3734 Arcbiducibus
831 3665 1005 3752 austriae,
1029 3669 1287 3766 aBatrgnndiae
1312 3670 1488 3754 Ducibus,
1514 3673 1571 3763 qui
1589 3693 1703 3742 amnes
1723 3671 1897 3742 Ecclesiae

564 3782 739 3865 Romanae
758 3781 824 3876 filii
847 3795 892 3858 ad
915 3807 1047 3868 mortem
1074 3815 1179 3886 usque
1196 3787 1314 3881 fideles
1337 3793 1537 3884 perstitere,
1576 3811 1732 3868 constare
1756 3813 1895 3882 quoque

565 3907 686 3989 debere
710 3905 814 3989 dixit,
838 3931 874 3984 se
901 3933 920 3978 a
944 3911 1108 3999 majorum
1141 3909 1248 4010 gloria
1286 3911 1422 3990 minime
1459 3911 1763 4002 degeneraturam.
1802 3913 1900 3984 Haec'

564 4045 669 4131 titttto¹
685 4028 811 4117 gaudio
834 4027 1047 4128 complevere
1071 4031 1289 4117 Pontificem,
1314 4049 1351 4100 ut
1377 4055 1451 4100 cum
1477 4033 1508 4100 ei
1535 4053 1591 4120 per
1615 4030 1745 4104 litteras
1770 4031 1895 4120 gratias

563 4173 664 4240 quam
685 4148 846 4230 maximas
873 4167 1009 4239 ageret,
1044 4151 1183 4242 ,ejusque
1207 4150 1369 4226 virtutem
1396 4153 1431 4222 in
1468 4152 1595 4225 caelum
1618 4151 1833 4226 extolleret,'
1857 4173 1894 4225 se

566 4267 614 4348 nil
640 4287 708 4336 tam
733 4287 851 4356 optare
873 4269 1111 4354 affirmaverit,
1134 4293 1235 4362 quam
1260 4289 1300 4338 ut
1323 4270 1437 4360 aliqua
1462 4272 1525 4340 sibi
1550 4275 1726 4341 offerretur
1755 4272 1892 4364 occasio

564 4390 759 4468 declarandi
784 4387 830 4457 illi
856 4388 1056 4462 memorabili
1078 4387 1190 4486 aliquo
1207 4389 1297 4480 facia
1321 4391 1403 4487 qnid
1423 4391 1465 4462 de
1483 4393 1559 4483 ejus
1583 4389 1748 4487 singulari
1771 4407 1895 4459 natura

559 4513 724 4600 sentiret,
749 4527 976 4610 quantumque
1012 4511 1085 4604 aus
1121 4532 1248 4586 caussa
1279 4527 1435 4609 cuperet,
1473 4511 1583 4607 quod,
1622 4513 1700 4584 Deo
1734 4511 1896 4608 auspice,
