4372 5842
709 652 740 720 V
836 649 849 722 1
948 654 979 726 T
1076 653 1106 722 Α
1144 663 1149 672 ’
1487 653 1550 742 aas

273 765 493 862 praeledus,
518 768 658 840 domam
681 769 880 856 accederet,
905 791 1011 866 utque
1035 772 1098 844 sibi
1124 823 1135 862 ,
1160 772 1193 844 dr
1221 768 1409 848 catholicae
1436 769 1608 861 Reipubli-

273 915 333 967 eae
358 891 466 964 mttlta
488 895 522 964 δι
545 879 724 966 utilissima
749 893 934 968 ministeria
959 903 1170 984 praestaret.
1204 895 1309 990 Quod
1345 890 1509 964 excellere
1535 913 1606 962 non

183 1013 188 1034 ¹
234 1065 236 1070 .
271 1011 383 1086 minm
401 1009 579 1096 doctrine,
603 1036 704 1102 qttatn
723 1013 822 1085 aniani
841 1013 1022 1086 virtutibus
1048 1016 1230 1106 putabatur
1255 1013 1451 1086 Ambrosius
1473 1010 1610 1086 Fiantli·

272 1131 352 1204 nius
377 1133 638 1222 Neapolitanus.
664 1157 733 1206 non
756 1132 870 1210 salum
894 1134 928 1206 ei
952 1135 1194 1209 humanitatem
1230 1133 1344 1208 tribuit
1373 1185 1383 1216 ‚
1420 1131 1480 1204 sed
1504 1132 1605 1204 etiam

276 1248 443 1323 honorem
468 1251 606 1324 :fadus
631 1271 683 1324 est
709 1257 797 1326 enirn
822 1253 1036 1329 Lamocensis
1064 1254 1274 1342 Episcopus,
1293 1253 1325 1318 dt
1340 1252 1603 1342 suffraganeus,

269 1387 309 1448 vt
334 1371 447 1466 ajunt,
462 1376 670 1448 Mantuanus
687 1425 696 1445 .
711 1375 812 1448 Plura
834 1377 862 1448 is
887 1375 1020 1464 scripsit
1035 1375 1068 1443 in
1087 1375 1268 1448 lutherum
1285 1376 1344 1458 ‚dt
1358 1375 1494 1442 Petrum
1512 1371 1608 1438 Pom·

272 1491 466 1578 ponarium,
484 1493 543 1586 qui
557 1517 681 1587 negate
695 1496 875 1568 videbatur
890 1496 1020 1570 animos
1036 1495 1200 1566 humanos
1216 1512 1389 1570 aeternum
1402 1490 1605 1572 duraturos,

268 1611 501 1687 emanente
515 1617 724 1706 oppugnavit
759 1667 771 1702 ‚
807 1615 944 1708 aliaque,
965 1637 1036 1686 non
1065 1637 1175 1702 pauca
1195 1635 1268 1702 pto
1294 1613 1386 1685 bono
1411 1607 1600 1682 catholicae

267 1727 437 1824 religionis
463 1735 612 1806 animose
638 1736 744 1827 gestit
772 1785 781 1805 .
806 1735 955 1825 Sumpsit
980 1741 1013 1808 δι
1039 1759 1131 1806 arma
1149 1737 1185 1808 ia
1212 1727 1395 1806 Luthettim
1411 1729 1502 1814 illins
1528 1725 1603 1798 col·

266 1850 341 1944 lega
360 1854 512 1929 Andreas
537 1857 663 1928 Bantia
687 1859 938 1944 Ferrariensis‚
966 1857 1061 1950 cnjus
1081 1875 1178 1928 extat
1202 1855 1440 1946 Defhusorium
1459 1851 1605 1944 Aposto-

265 1971 350 2050 deae
373 1976 587 2060 potestatis,
615 1978 706 2070 quod
731 2001 818 2066 opus
843 2001 878 2048 se
905 1979 1093 2066 suscepisse
1118 1977 1167 2044 ait
1195 2027 1205 2058 ‚
1231 1993 1269 2048 ut
1294 1975 1488 2066 suspicione
1513 1969 1600 2042 libe·

250 2115 424 2182 staretur,
450 2121 552 2189 quant
575 2099 730 2170 nonnulli
753 2099 1086 2192 injacet-anticum,
1102 2121 1138 2168 se
1164 2101 1199 2168 in
1224 2097 1439 2189 exagitandis
1465 2091 1593 2164 saeculi

265 2215 389 2303 vitiis,
414 2218 634 2290 dnrn‘sactat
661 2220 703 2288 ad
729 2218 890 2308 populum
916 2220 1104 2291 conciones
1129 2219 1296 2302 habebat,
1313 2241 1383 2290 non
1406 2213 1516 2285 solum
1537 2234 1599 2283 ve·

261 2335 452 2408 hententem
477 2342 511 2408 δι
536 2351 646 2414 aciem
668 2391 678 2426 ,
702 2339 761 2410 secl
787 2323 870 2428 pene
895 2341 1060 2414 furiosum
1087 2339 1230 2426 fuisse,
1270 2340 1368 2429 quasi
1405 2335 1598 2406 imitaretur

261 2456 529 2532 lutheranorum
546 2458 764 2548 exemplum,
788 2462 861 2552 qui,
885 2481 922 2534 ut
949 2479 1103 2533 crearent
1127 2458 1291 2530 invidiam
1315 2460 1378 2544 iis,
1394 2457 1453 2551 qui
1480 2451 1595 2526 Eccle-

261 2573 332 2646 siae
357 2578 562 2664 militabant,
585 2584 815 2652 &sacrorum
852 2582 1022 2652 antistites
1042 2599 1154 2663 erant,
1179 2579 1360 2652 Ecclesiam
1383 2581 1487 2670 ipsam
1512 2575 1603 2664 vitu-

260 2697 422 2783 perabant
448 2720 586 2788 propter
612 2698 855 2770 nonnullorum
881 2701 1138 2789 vituperandam
1165 2701 1269 2768 vitam
1285 2748 1294 2767 .
1309 2701 1435 2768 Frenos
1460 2694 1595 2786 quiden

259 2819 330 2909 ejus
344 2816 478 2909 linguae
504 2819 618 2911 injecit
642 2820 732 2904 Len,
758 2843 820 2890 nec
836 2870 847 2906 ‚
862 2821 943 2890 dnm
961 2817 1047 2888 vixit
1064 2864 1075 2898 ‚
1100 2816 1283 2909 quidquam
1309 2818 1349 2888 ab
1366 2841 1406 2906 eo
1422 2819 1457 2888 iu
1471 2815 1594 2906 vulgus

259 2936 370 3006 emitti
405 2938 482 3008 sivit
520 2987 530 3020 ,
567 2938 661 3030 quod
685 2937 834 3030 ejusdem
858 2939 1071 3027 ,prudentiae
1105 2939 1275 3010 diffidebat
1301 2939 1334 3008 in
1359 2935 1595 3027 praesentibus

260 3059 477 3146 prohibendis
503 3059 597 3130 malis
613 3071 632 3124 τ’
657 3081 734 3128 nam
758 3058 874 3129 eadem
901 3058 987 3130 fae‘la
1012 3065 1046 3132 dt
1070 3060 1170 3131 diua-
1195 3059 1296 3130 modo
1335 3056 1534 3146 diligentiae
1560 3058 1594 3126 dt

256 3175 424 3250 bonitatis
445 3229 456 3264 ‚
481 3180 583 3252 modo
609 3179 772 3254 vanitatis
797 3231 807 3264 ‚
832 3177 932 3250 modo
958 3177 1124 3258 libertatis
1155 3179 1290 3262 ‚modo
1318 3177 1444 3251 littoris
1470 3199 1593 3248 ttotneu

258 3297 450 3386 accipiunt.
474 3299 636 3376 Stimulos
662 3299 796 3392 quidem
822 3298 950 3372 addidit
976 3299 1153 3370 Ambrosio
1180 3299 1364 3382 Catharino
1391 3297 1613 3370 &Thomna
1689 3291 1694 3302 ’

254 3420 417 3510 Caietano
457 3419 693 3490 Dominicanis
719 3418 918 3508 ,hominibus
954 3470 964 3503 ‚
1002 3439 1040 3492 ttt
1065 3443 1199 3490 omnem
1221 3420 1288 3489 vim
1316 3418 1475 3509 ingenii,
1500 3439 1599 3507 quae.

255 3555 384 3606 summa
408 3539 443 3608 in
467 3536 534 3610 illis
574 3539 670 3624 fuit,
707 3539 915 3612 insumerent
938 3539 972 3610 in
999 3539 1232 3631 coarguendis·
1247 3539 1518 3608 Lutheranorum
1541 3559 1594 3607 er·

255 3655 386 3726 roribus
419 3655 568 3742 ‚ailla
593 3658 688 3747 prior
717 3681 787 3734 non
813 3659 879 3729 hoc
904 3658 1006 3730 modo
1033 3657 1116 3728 fecit
1148 3709 1159 3743 ‚
1196 3658 1258 3730 aed
1282 3659 1387 3734 etiarn¹
1408 3655 1592 3728 acerrimus

253 3777 864 3860 accusator.suit'commentatiorum
889 3779 925 3850 in
949 3778 1086 3850 divinos
1111 3777 1239 3864 libros,
1266 3803 1354 3870 quae
1379 3796 1499 3868 postea
1523 3781 1592 3848 Ca·

249 3871 383 3991 jetanut
410 3898 561 3988 vulgavit
577 3900 755 3969 .Ceterutn
782 3899 818 3970 in
843 3921 906 3982 eo,
921 3899 1012 3990 quod
1036 3900 1180 3990 pertinet
1203 3900 1244 3969 ad
1269 3901 1479 4000 Lntherurn‚
1502 3896 1611 3965 scri-.

248 4034 307 4104 pta
331 4015 434 4108 hujus
458 4016 513 4088 vel
538 4017 844 4107 ipsum-Erasmum
868 4019 1081 4092 laudatorem
1106 4021 1326 4102 habuerunt,
1352 4020 1409 4108 qui
1436 4039 1504 4085 una
1529 4034 1609 4116 art-l

249 4155 316 4223 que
342 4135 448 4209 altera
470 4135 618 4227 epistola
640 4135 763 4208 extudit
787 4135 936 4210 audieris
963 4139 1167 4230 diligentiam
1185 4157 1289 4228 atque
1305 4136 1499 4226 ingenium,
1516 4156 1588 4208 nro·

247 4251 458 4326 detritionem
482 4257 584 4326 etiam
605 4304 615 4338 ‚
639 4260 729 4350 quod
753 4280 819 4330 rem
845 4257 1049 4340 illustraret,
1064 4259 1196 4328 minime
1220 4273 1329 4326 autem
1354 4255 1513 4324 excitaret
1533 4269 1584 4325 tu·
1659 4333 1660 4338 ,

249 4371 386 4450 multum
411 4423 421 4445 .
445 4375 638 4450 Dolendum
663 4378 757 4469 quod
782 4377 946 4470 quidquid
968 4376 1089 4446 litteris
1123 4377 1146 4446 ii
1168 4376 1374 4446 mandarunt
1396 4426 1407 4460 ‚
1443 4370 1602 4446 scholn-.

246 4493 373 4570 tticum
395 4517 522 4572 morem
547 4497 648 4572 habet
668 4545 680 4586 ,
703 4499 762 4594 qui
789 4515 861 4574 turn
884 4497 1075 4667 inelponote
1111 4499 1143 4568 dt
1183 4497 1289 4592 pretio
1326 4495 1466 4568 maxime
1507 4511 1581 4564 esse

991 4617 1012 4666 a
