4386 5838
616 652 682 704 tro
1000 637 1026 706 L
1075 641 1101 708 E
1151 639 1183 709 O
1232 639 1262 710 N
1311 643 1325 710 Ι
1374 617 1405 708 ς’
1468 639 1507 707 X:

562 774 638 823 cnm
665 753 700 823 in
724 751 841 824 itinere
865 754 945 845 ipso·
977 736 1141 831 audiisset
1166 765 1327 851 Legatum
1355 759 1547 841 Pontificis,
1573 759 1670 828 novis
1695 757 1896 848 conscriptis

558 874 650 946 Italis
677 875 861 962 militibus,
896 903 1109 972 expugnasse
1142 889 1267 956 Forum
1307 882 1523 971 Sempronii,
1562 883 1594 946 δι
1632 881 1828 972 Pergulam,
1857 903 1894 950 ae

559 1019 695 1068 movere
712 1017 824 1070 castra
841 1004 969 1072 Fanum
984 1005 1156 1075 Fortunae
1181 1027 1320 1089 versus,
1347 1026 1388 1074 eo
1414 1005 1504 1072 unde
1527 1021 1692 1086 venerat,
1717 1025 1780 1070 sna
1800 1021 1897 1070 tuen·

558 1117 590 1186 di
614 1139 758 1200 caussa,
784 1119 905 1190 rediit.
944 1121 1133 1194 Incredibili
1172 1123 1345 1194 celeritate
1384 1123 1450 1194 iter
1485 1121 1654 1206 confecit,
1691 1139 1891 1210 tantumque

560 1255 723 1314 terrorem
747 1239 907 1314 hostibus
935 1241 1070 1333 iniecit,
1102 1261 1140 1312 nt
1166 1245 1200 1314 hi
1223 1243 1271 1341 nil
1297 1243 1440 1334 amplius
1469 1263 1602 1312 tentare
1628 1241 1703 1312 ansi
1741 1239 1895 1309 fuerint.

558 1359 648 1433 Tum
687 1361 834 1436 mutavit
872 1361 1084 1446 consilium,
1121 1385 1322 1454 omnemque
1356 1365 1521 1433 rationem
1554 1361 1632 1434 belli
1670 1363 1705 1432 in
1742 1362 1898 1430 Picenum

558 1479 714 1558 conferre
739 1483 937 1556 coustituit.
965 1483 1079 1554 Auciis
1104 1485 1241 1572 copiis,
1268 1484 1408 1575 pristina
1432 1485 1584 1554 omnium
1610 1482 1831 1554 confirmatur
1860 1503 1897 1548 o·

558 1601 671 1689 pinio,
706 1606 740 1672 δι
781 1623 857 1690 spes
886 1602 1047 1676 villoriae
1086 1624 1246 1696 augetur,
1287 1605 1371 1680 adeo
1402 1625 1441 1675 ut
1480 1604 1642 1697 quidquid
1667 1600 1895 1674 intercederet

560 1722 747 1816 temporis,
768 1721 800 1795 id
826 1725 953 1794 morari
977 1725 1126 1812 praemia
1154 1725 1295 1798 militum
1318 1724 1518 1797 videretur.
1551 1725 1775 1804 Fabrianum,
1813 1718 1901 1793 alia·

560 1862 626 1936 que
652 1841 777 1930 oppida
819 1843 1115 1936 depopulationem
1149 1835 1291 1936 pecunia
1330 1847 1571 1930 redemerunt,
1605 1845 1737 1932 capitur
1773 1840 1899 1922 Aesis,

561 1979 663 2053 atque
698 1981 879 2048 vastatur,
916 1964 1133 2056 eamdemque
1168 1965 1341 2036 fortunam
1375 1964 1461 2036 aliae
1499 1965 1657 2036 civitates
1689 1968 1723 2034 δι
1760 1959 1900 2036 castella

560 2083 759 2157 subierunt:
784 2085 1051 2175 aegre'dncona
1078 2085 1239 2174 impetum
1258 2085 1408 2155 hostium
1433 2085 1620 2168 sustinuit,
1646 2107 1708 2156 nec
1734 2083 1899 2174 pecuniae

562 2227 680 2301 parum
706 2203 832 2289 solvit,
850 2225 888 2275 ut
912 2205 1069 2276 liberaret
1088 2206 1282 2276 vastatione
1297 2227 1395 2295 agros
1412 2252 1421 2284 ,
1438 2205 1472 2273 in
1487 2206 1610 2297 quibus
1633 2224 1785 2274 maturae
1802 2223 1900 2276 erant

564 2343 718 2414 segetes.
743 2324 924 2396 Auximum
943 2349 1104 2418 qnoque,
1130 2326 1187 2398 sed
1204 2349 1320 2416 parum
1345 2325 1512 2412 feliciter,
1539 2341 1737 2408 tentarunt,
1756 2321 1910 2411 indeque*

563 2443 780 2530 recedentes,
805 2467 881 2526 cnm
906 2463 1018 2518 castra
1046 2447 1241 2534 posuissent
1265 2445 1307 2518 ad
1331 2443 1549 2518 Corinaldum
1574 2442 1757 2534 oppidum,
1776 2440 1811 2508 in
1831 2462 1901 2530 quo

560 2581 659 2646 erant
682 2564 821 2651 ducenti
846 2565 969 2638 milites
995 2590 1038 2640 ex
1067 2567 1193 2653 exteris
1219 2565 1415 2646 nationibus
1440 2563 1598 2658 collecli,
1637 2562 1771 2632 fortiter
1811 2557 1898 2628 adeo

561 2691 598 2764 hi
623 2691 846 2779 restiterunt,
871 2712 910 2764 ut
936 2713 1210 2785 oppugnatores,
1237 2693 1365 2764 frustra
1390 2691 1600 2780 consumptis
1631 2687 1752 2780 viginti
1792 2683 1900 2754 tribus

562 2810 704 2894 diebus,
729 2812 807 2900 inde
831 2835 968 2906 quoqne
993 2813 1167 2884 discedere
1193 2811 1302 2898 coadli
1328 2811 1478 2883 fuerint.
1504 2813 1582 2894 Non
1604 2831 1735 2898 semper
1761 2805 1829 2886 illis
1851 2803 1904 2874 fa·

564 2932 616 3007 vit
642 2931 782 3006 fortuna
807 2933 944 3026 quoties
971 2957 1046 3004 cum
1074 2935 1313 3006 resistentibus
1337 2955 1407 3002 rem
1444 2932 1662 3014 habuerunt,
1700 2927 1793 3020 quod
1833 2949 1901 2996 ne-

563 3077 735 3147 quaquam
761 3052 947 3144 imperitiae
970 3055 1116 3140 ducum,
1142 3077 1253 3148 neque
1279 3051 1424 3134 militnm
1449 3049 1605 3142 ignaviae
1622 3089 1641 3138 ,1
1657 3047 1716 3118 sed
1742 3037 1903 3118 tormen-

569 3190 684 3245 torum
711 3177 742 3241 u
762 3175 991 3258 munitionum
1034 3177 1167 3266 inopiae
1183 3173 1398 3247 tribuendum
1431 3172 1600 3263 putabis,
1637 3168 1750 3242 Nihilo
1791 3187 1904 3238 tamen

564 3293 676 3372 minus
701 3292 847 3366 Feltrius
874 3313 1004 3365 tantam
1028 3295 1185 3366 fiduciam
1209 3295 1354 3366 habebat
1380 3295 1518 3367 virtutis
1556 3315 1697 3364 suorum
1730 3286 1904 3368 militum,

567 3429 607 3480 ut
630 3412 812 3501 pristinum
837 3415 1029 3505 occupandi
1053 3414 1184 3500 Pisauri
1199 3413 1401 3488 desiderium
1417 3415 1552 3486 minime
1578 3408 1796 3501 deposuerit.
1823 3409 1905 3478 Erat
1951 3443 1954 3450 =

566 3527 602 3597 in
628 3553 668 3602 ea
698 3529 841 3618 civitate
864 3535 1041 3618 Potentiae
1067 3537 1188 3608 Comes
1213 3558 1288 3604 cnm
1314 3531 1439 3613 deledia
1454 3531 1600 3602 utilitum
1619 3555 1744 3615 manu,
1770 3527 1905 3619 quibus,

567 3670 636 3737 quo
656 3651 767 3726 minor
796 3651 959 3742 frumenti
982 3655 1081 3744 copia
1101 3655 1394 3744 suppeditaretur,
1421 3651 1556 3743 navigia
1577 3643 1743 3733 nonnulla
1758 3644 1906 3718 Feltrius

570 3771 735 3844 armavit.
758 3774 826 3842 Sua
849 3778 883 3844 er
907 3771 1052 3853 habebat
1078 3779 1198 3846 Comes
1224 3773 1376 3843 manibus
1403 3770 1518 3857 ferreis
1538 3823 1548 3856 ,
1573 3775 1609 3842 bc·
1631 3766 1906 3870 harpagonibus,

570 3913 765 3982 magnoque
790 3889 956 3986 pilorum,
981 3893 1189 3988 tragularum
1214 3895 1246 3972 bc
1271 3893 1503 3985 sclopetorurn
1537 3911 1680 3972 numero
1719 3883 1907 3960 instructa.

573 4010 639 4082 Res
665 4011 762 4080 venit
787 4012 829 4101 ad
854 3993 998 4100 manus,
1024 4011 1185 4104 quodque
1210 4010 1325 4094 Feltrii
1351 4015 1457 4083 minus
1482 4008 1679 4094 exercitatis
1704 4005 1907 4097 remigibus,

556 4128 757 4220 'minusque'
775 4131 889 4221 peritis
914 4131 1196 4223 gubernatoribus
1222 4131 1434 4215 utebantur,
1459 4134 1492 4200 δι
1517 4129 1727 4220 navigiorum
1766 4143 1908 4194 numero

574 4251 841 4337 superabantur,
865 4252 1025 4344 depressa
1049 4252 1166 4346 majori
1192 4251 1301 4335 navi,
1327 4271 1459 4320 ceterae
1483 4226 1602 4339 captae
1640 4245 1808 4318 fuerunt.
1834 4247 1908 4312 Hoc

575 4387 718 4458 accepto
739 4369 967 4456 detrimento,
992 4370 1135 4441 Feltrius
1164 4369 1231 4439 alio
1258 4347 1379 4442 bellum
1405 4365 1590 4441 transferre
1616 4363 1851 4440 deliberavit

676 4489 767 4569 Inter
786 4487 872 4561 baec
898 4485 968 4583 egit
992 4489 1247 4598 diligentissime
1272 4487 1433 4560 Pontifex
1469 4509 1526 4579 per
1559 4484 1794 4560 internuncius
1827 4499 1910 4559 suos
