4392 5838
568 729 636 796 300
1243 736 1264 776 ·.

514 826 582 901 (94)
603 824 730 882 Stridens
751 824 812 898 ipre
835 825 873 881 td
901 817 1016 881 matrem
1045 843 1093 880 an.
1117 843 1203 898 ¹505·
1231 819 1518 897 declaravit-'quantis
1542 820 1675 879 Mediteo
1700 811 1847 878 cardinali

601 929 738 987 desinaus
760 942 829 987 erret
854 927 1009 1006 benefitiis·
1031 928 1064 986 Io
1086 925 1178 986 serito
1200 943 1256 984 unt
1277 924 1376 982 lettera
1398 944 1414 981 a
1436 924 1479 981 ill.
1501 925 1655 982 Franttseo
1677 919 1712 978 da
1729 921 1845 1000 Bagno.

511 1011 518 1024 ⁸
580 1030 789 1116 ··preganrlolo‚
815 1029 867 1089 che
888 1031 929 1089 rni
951 1029 1046 1111 voglin
1066 1026 1124 1088 fare
1146 1047 1227 1087 arere
1250 1047 1288 1088 un
1301 1017 1380 1107 ¹puro
1400 1025 1431 1084 di
1453 1024 1584 1092 bracchi,
1606 1046 1621 1084 e
1642 1023 1845 1106 unolsparvie-

599 1159 646 1206 te,
668 1139 690 1198 li
712 1134 790 1218 quali
811 1133 906 1192 vortit
927 1132 1033 1192 donare
1057 1133 1080 1192 al
1103 1133 1181 1191 limo
1203 1130 1289 1191 Card.
1310 1110 1499 1196 de'medici,
1519 1129 1545 1188 al
1567 1129 1650 1210 quale
1670 1121 1752 1188 tanto
1772 1145 1844 1186 sono

601 1241 769 1325 obblignto.
790 1241 875 1318 Quod
892 1240 931 1296 od
954 1235 1113 1315 affinitatem
1139 1255 1202 1296 vtro
1227 1238 1328 1296 attinet
1345 1279 1352 1303 ,
1380 1235 1554 1293 veliementer
1572 1234 1662 1289 auum
1684 1247 1728 1292 ert
1745 1233 1779 1290 de
1797 1251 1844 1288 nrt-

599 1349 688 1406 tenta
712 1346 879 1405 Cartilionio
911 1344 1020 1402 Clerite
1044 1341 1177 1399 Mediteo
1203 1330 1282 1398 Petri
1317 1339 1423 1406 Filia,
1453 1358 1535 1414 quom
1566 1337 1701 1412 Philippo
1725 1337 1843 1420 Strot‘a‘io

603 1470 686 1526 supra
707 1471 737 1526 p.
756 1464 800 1525 38.
820 1463 932 1524 nuptam
945 1445 1037 1521 fuisse
1065 1447 1187 1504 diximus
1205 1481 1212 1498 ·
1233 1441 1328 1524 Hujus
1351 1447 1391 1504 rei
1409 1446 1578 1503 documenta·
1594 1443 1733 1502 extentio
1755 1441 1845 1500 Corti-

601 1555 684 1614 lionii
706 1555 792 1630 ipsius
817 1551 943 1626 epistolis
968 1569 986 1608 a
1012 1549 1132 1624 Iosepho
1150 1549 1277 1608 Cominio
1299 1550 1382 1608 editis
1407 1548 1475 1606 Vol.
1496 1549 1519 1605 l.
1540 1565 1568 1628 p·
1592 1565 1659 1618 145·
1682 1545 1842 1604 Bernartius

609 1659 725 1736 Segnius
741 1661 770 1716 irr
797 1655 914 1716 Nicolai
938 1655 1076 1731 Cnpponii
1093 1655 1152 1712 vita
1182 1672 1308 1711 tourtam
1335 1653 1424 1727 operit
1447 1650 1527 1731 liujus
1558 1650 1756 1730 conitendiortis
1783 1669 1842 1712 tunt

600 1761 737 1826 Stroc'iio‚
751 1761 916 1834 addiditque
940 1759 1027 1816 dotem
1052 1759 1079 1816 ei
1095 1758 1268 1832 assignatam
1283 1746 1375 1831 fuisse
1401 1754 1431 1813 di
1452 1751 1546 1813 fiorini
1568 1770 1638 1813 settt
1660 1752 1744 1822 mila,
1761 1765 1842 1812 tenu·
1891 1773 1893 1776 ·

597 1879 626 1924 ta
648 1865 678 1922 in
700 1863 765 1942 qual
787 1878 885 1942 tempo
905 1860 1072 1928 smisnrata,
1094 1879 1110 1918 e
1131 1857 1183 1918 che
1204 1876 1363 1940 trapessara
1385 1858 1454 1942 ogni
1475 1858 1543 1918 civil
1565 1855 1706 1916 termine.

524 1966 594 2047 (95)
614 1971 724 2028 Extant
740 1968 793 2026 lure
811 1969 841 2026 in
862 1967 1022 2034 volumine,
1044 1967 1116 2041 quod
1143 1967 1305 2026 inscribitur
1330 1962 1404 2022 delle
1430 1963 1530 2022 lettere
1560 1960 1604 2022 de'
1628 1960 1757 2042 Principi
1778 1981 1796 2020 o
1816 1960 1843 2021 a*

599 2069 745 2150 Principi.
1221 2047 1225 2054 Ι

525 2169 590 2251 (96)
616 2173 791 2232 Extotlroec
812 2173 976 2234 castilionii
997 2173 1116 2262 epistola
1138 2177 1177 2232 nd
1211 2172 1330 2231 Leonem
1355 2175 1384 2231 in
1398 2173 1454 2250 fine
1479 2193 1591 2247 operum
1620 2173 1784 2231 Italicorum
1810 2173 1845 2233 U·

599 2277 763 2336 Latinorum
795 2277 960 2338 castilionii
991 2279 1108 2355 ipsius,
1136 2297 1208 2353 quae
1232 2277 1335 2354 tosepn
1365 2281 1507 2356 Cominius
1536 2281 1626 2340 edidit
1647 2275 1767 2336 Patavii
1797 2297 1846 2336 an.

596 2397 676 2451 1733·

435 2561 440 2570 ¹
513 2475 579 2561 (97)
599 2482 689 2561 Quod
711 2482 744 2542 ad
768 2505 813 2543 me
834 2485 937 2546 attinet
957 2486 1120 2564 (inquit),
1141 2505 1212 2546 cum.
1230 2484 1264 2545 ab
1285 2484 1401 2544 ineunte
1425 2486 1613 2546 adolescentia
1630 2485 1781 2547 decursum
1805 2486 1846 2544 ri-

598 2602 642 2643 tae
664 2587 788 2667 spatium
810 2587 845 2646 ad
867 2587 921 2648 lroc
943 2589 1041 2648 aetatis
1065 2567 1157 2669 nsque¹
1173 2589 1344 2658 considero,
1363 2591 1403 2649 ita
1425 2611 1470 2649 me
1491 2590 1576 2649 rideo
1609 2607 1745 2673 perpetuo
1766 2611 1838 2670 quo·

598 2689 665 2748 dam
689 2689 864 2783 liberalitatis
885 2707 982 2748 tenore
1003 2711 1018 2748 a
1041 2685 1150 2751 familia
1170 2713 1265 2754 vestra
1287 2692 1380 2754 iorum
1402 2715 1513 2776 semper
1533 2711 1724 2776 ornatumque
1743 2689 1845 2766 fuisse,

599 2807 632 2848 ut
653 2811 846 2876 quaecumque
871 2792 1001 2854 homines
1023 2795 1068 2857 rel
1088 2794 1210 2856 tuendae
1228 2797 1306 2880 ¹vitat
1329 2798 1373 2858 rel
1396 2797 1554 2857 excolendo
1582 2797 1699 2881 ingenio
1719 2794 1774 2855 sibi
1794 2815 1842 2856 ne·

598 2897 715 2956 tessaria
736 2917 794 2958 esse
814 2918 1011 2983 cognoscunt,
1032 2924 1064 2962 en
1086 2901 1208 2961 ubertim
1230 2921 1340 2980 semper
1360 2901 1391 2960 in
1413 2922 1458 2960 me
1479 2896 1600 2969 collata,
1632 2901 1698 2960 solis
1720 2899 1855 2960 Medici..

597 2995 649 3059 bus
669 2997 787 3061 referam
811 3003 1023 3084 acceptissima.
1044 3005 1119 3062 Nam
1143 3010 1171 3062 δι
1192 3002 1363 3086 Magnificus
1386 3005 1554 3064 Laurentius
1575 3021 1654 3085 pater
1683 3021 1766 3070 tous,
1795 3021 1845 3061 an.

598 3120 651 3161 nos
673 3124 719 3162 me
741 3120 840 3166 natum
861 3123 983 3186 quatuor
1004 3107 1040 3166 de
1062 3107 1187 3189 viginti,
1210 3127 1352 3168 extorrem
1374 3108 1404 3168 in
1427 3109 1546 3190 patriam
1570 3107 1732 3174 revocarit,
1750 3105 1799 3166 ubi
1815 3125 1843 3166 a,

600 3205 660 3286 pud
681 3207 791 3268 nobiles
811 3209 1038 3294 consanguineos
1062 3231 1144 3279 snos,
1168 3210 1338 3294 eosdemque
1361 3231 1439 3272 meos
1463 3210 1560 3274 affines
1580 3213 1611 3272 in
1643 3212 1781 3272 bonarum
1803 3231 1846 3272 at·

598 3311 672 3368 tium
693 3311 807 3380 studiis,
828 3333 899 3393 quae
920 3329 989 3372 tunc
1012 3313 1170 3374 Florentiae
1193 3315 1293 3378 restris
1321 3315 1468 3396 praesidiis
1497 3314 1672 3384 floruerunt,
1699 3314 1845 3396 jucundis.

522 3405 526 3415 “
597 3411 670 3477 sime
691 3413 741 3472 diu
762 3414 842 3485 viri,
865 3419 902 3475 Et
922 3435 958 3475 ne
980 3431 1049 3476 tunc
1070 3416 1207 3498 quidem,
1228 3437 1295 3480 curn
1317 3418 1596 3495 mundi-vanitatem
1620 3435 1778 3499 pertaesus.
1799 3438 1841 3480 re·

600 3513 739 3593 ligionem
761 3536 826 3574 curn
848 3517 941 3597 priore
963 3519 1023 3578 rita
1044 3520 1237 3588 commutari,
1250 3523 1343 3604 gentis
1362 3537 1472 3583 vestrae
1489 3521 1633 3582 beneficiis
1646 3539 1782 3602 umquam
1805 3541 1849 3580 ca·

603 3615 668 3673 tui.
689 3618 803 3676 Etenim
824 3621 854 3679 in
877 3623 1025 3683 Coenobio
1047 3625 1116 3683 Diri
1138 3625 1247 3694 Marci,
1270 3625 1348 3711 quod
1369 3627 1491 3708 Magnus
1506 3623 1845 3708 Cosmus'proavustuue

601 3737 618 3777 a
640 3715 834 3780 fundamentis
856 3725 1014 3792 exstruit,
1039 3730 1101 3786 Deo
1124 3725 1180 3802 jain
1203 3747 1293 3788 annoe
1321 3729 1429 3812 aliquot
1444 3728 1595 3792 famulatus
1614 3753 1629 3791 e
1650 3729 1764 3812 publica
1781 3749 1851 3814 gen-

601 3819 639 3900 tis
660 3836 768 3879 vestrae
788 3821 1087 3908 bibliotheca,-quam
1108 3831 1231 3894 Cosmus
1252 3831 1292 3890 ibi
1313 3830 1488 3892 lutulentam
1521 3832 1654 3915 aperuit,
1687 3838 1715 3892 it
1736 3853 1772 3894 ex
1792 3853 1845 3904 ea,

601 3942 689 4003 quam
712 3928 787 3998 jussu
807 3925 896 4006 patris
911 3925 954 3986 tui
975 3929 1098 3990 Joannet
1111 3931 1248 3999 Laetaris,
1271 3953 1421 4015 generosus
1442 3935 1529 3995 homo
1549 3953 1634 4017 atque
1644 3935 1842 4008 doetissimus,

604 4045 621 4084 e
648 4027 785 4086 Graeciae
816 4025 930 4088 latebris
961 4029 1136 4092 Florentiam
1164 4034 1353 4116 importavit,
1373 4035 1478 4097 ftuclns
1500 4039 1639 4100 maximos
1651 4041 1845 4100 suavissimos·

600 4148 657 4209 qne
678 4129 809 4210 percepi.
830 4133 917 4212 Saepe
941 4131 1029 4191 etiam
1052 4133 1091 4192 ibi
1112 4155 1178 4194 curn
1201 4137 1331 4198 Patribus
1347 4139 1404 4202 illis
1421 4142 1492 4202 meir
1514 4143 1549 4202 ab
1570 4141 1769 4226 ingruentibus
1788 4162 1845 4203 ma·

599 4231 687 4290 nimis
707 4231 863 4312 periculis,
885 4232 1022 4294 bonitatis
1041 4256 1106 4297 suae
1127 4240 1268 4320 praesidio
1287 4242 1448 4304 liberatus.
1472 4247 1519 4307 td
1540 4267 1612 4329 quae
1634 4248 1725 4308 Patris
1745 4245 1777 4307 in
1799 4266 1847 4309 ore

597 4333 661 4400 tui,
681 4339 878 4416 majorumque
895 4353 1013 4400 tuorum
1035 4339 1171 4404 beneficia
1191 4361 1224 4404 tu
1245 4345 1276 4404 id
1296 4344 1369 4426 milti
1390 4368 1534 4419 seorsum,
1558 4353 1645 4410 Pater
1657 4350 1845 4426 Beatissime‚

597 4437 765 4506 contulisti,
786 4442 865 4520 quod
886 4441 923 4504 ad
942 4444 1029 4524 pedes
1055 4462 1119 4506 tuos
1147 4449 1310 4530 gratulandi
1339 4471 1422 4515 eausa
1453 4456 1637 4536 persolutum
1668 4457 1699 4516 in
1720 4451 1840 4514 Urbano

600 4542 630 4598 S.
649 4541 777 4602 silvestri
799 4543 935 4604 Oratorio
955 4545 991 4605 ad
1013 4546 1162 4612 honestam
1184 4551 1344 4614 studiorum
1366 4557 1494 4637 quietem
1520 4555 1726 4624 humanissime
1756 4565 1846 4624 collo.

595 4641 689 4715 casti,
708 4659 879 4728 nostraeque
899 4652 984 4712 aetati
1012 4656 1072 4734 jam
1098 4653 1134 4716 ad
1159 4656 1332 4724 senestutem
1362 4663 1493 4744 tergenti
1522 4663 1618 4726 deesse
1647 4661 1692 4726 nil
1722 4667 1851 4746 pateris.
1911 4651 1914 4658 ¹

1587 4856 1595 4866 ι
1646 4769 1726 4855 quod
1796 4769 1799 4774 ’
