4472 5828
759 630 792 700 V
889 639 904 704 1
1001 635 1032 706 Τ
1131 635 1161 703 Α
1571 634 1614 704 61
1645 703 1649 710 .

335 775 469 835 rarum,
495 747 554 826 sed
584 755 619 826 dc
654 775 760 848 prope
795 755 966 848 singulare
998 758 1034 828 in
1058 756 1216 842 homine,
1242 754 1299 847 qui
1325 752 1474 826 nondum
1512 749 1667 840 comple-

333 895 430 948 verat
468 876 675 967 trigesimum
706 874 863 948 octavum
896 878 1021 948 aetatis
1054 902 1200 962 annum,
1222 875 1420 950 videbatur.
1447 875 1585 946 Addidit
1606 873 1667 942 Hi·

333 996 483 1070 storicus
521 995 606 1082 ille,
646 997 706 1088 qui
740 1018 822 1068 sane
854 1021 925 1070 non
951 997 1061 1068 amico
1098 998 1211 1068 animo
1241 999 1276 1068 in
1304 1000 1450 1068 Leonem
1479 995 1584 1070 fuisse
1606 995 1666 1067 tti-

332 1115 461 1204 detu'r‚
485 1115 636 1188 fallacias
671 1115 800 1203 nullas,
830 1120 995 1207 promissa
1029 1114 1124 1191 nulla
1147 1123 1192 1196 ,u
1232 1119 1379 1208 praemia
1412 1116 1664 1199 contaminasse

332 1233 416 1305 haec
449 1238 608 1322 comitia,
632 1235 745 1308 nullos
774 1239 982 1325 anteivisse‚
1001 1240 1093 1330 quod
1114 1237 1184 1310 fere
1207 1259 1338 1327 semper
1368 1235 1564 1317 acciderat,
1590 1253 1663 1308 tur·

331 1354 491 1428 bulentos
520 1378 655 1445 motus,
692 1363 728 1430 dt
763 1360 879 1430 omnia
906 1361 992 1442 rite,
1034 1383 1073 1430 ac
1109 1384 1202 1430 more
1234 1359 1463 1448 institutoque
1498 1354 1683 1448 majorum·

332 1474 468 1566 peracta
494 1477 621 1548 fuisse.
658 1482 743 1552 Sunt
775 1504 915 1571 quoque
937 1498 1044 1554 testes
1079 1476 1274 1568 amplissimi
1301 1478 1517 1552 innocentiae
1534 1497 1667 1548 morunt

330 1597 468 1667 loannis
511 1599 631 1670 Petrus
671 1600 892 1693 Delphidius,
930 1601 1116 1692 Gregorius
1151 1598 1358 1678 Cortesius,
1398 1618 1585 1694 omnesque
1623 1596 1669 1683 ii,

330 1717 390 1806 qui
416 1715 777 1792 familiarissime-cum
804 1723 882 1810 ipso.
910 1724 1037 1794 versati
1061 1720 1219 1806 fuerant,
1247 1722 1305 1814 qui
1330 1721 1400 1796 nott
1434 1718 1499 1792 sibi
1515 1715 1670 1804 solum,

329 1835 390 1908 sed
415 1837 447 1902 ὅ(
471 1840 690 1930 Reipublicae
713 1841 930 1918 Christianae
957 1841 1125 1934 gratulati
1148 1859 1255 1928 suut,
1274 1840 1371 1932 quod:
1392 1841 1421 1908 is
1450 1833 1502 1912 illi.
1527 1834 1670 1926 obtigis-

329 1981 381 2029 set
408 1959 586 2074 Pontifex,
614 1963 674 2054 qui
700 1962 735 2032 in
760 1981 829 2035 tarn
868 1963 1055 2051 suspiciosa
1090 1969 1124 2035 dt
1164 1961 1333 2038 maledica
1367 1960 1510 2030 ciuitate
1547 1954 1664 2032 locum

327 2082 476 2150 sermoni
504 2080 769 2152 obtrediatorum
793 2103 865 2149 non
899 2079 1100 2172 reliquerat..
1123 2085 1222 2155 Haud
1251 2075 1590 2171 praetermittendum
1613 2075 1667 2143 vi·

327 2196 428 2266 detur
459 2197 500 2268 ad
533 2195 768 2272 declarandam
800 2199 935 2274 illorum
966 2212 1155 2290 temporum
1180 2202 1351 2276 inscitiam
1374 2195 1668 2292 superstitionem·

328 2341 413 2410 que,
440 2319 587 2409 quodam
621 2319 678 2388 die
704 2323 883 2395 recusasse
906 2321 1101 2396 Cardinales
1123 2320 1213 2392 serre
1233 2319 1413 2414 suffragia,
1439 2317 1567 2394 idcirco
1585 2315 1665 2406 quia

242 2481 248 2486 -
326 2435 410 2508 solis
434 2437 568 2526 eclipsis
591 2457 660 2508 tum
679 2437 753 2510 fore
779 2440 978 2515 dicebatur.
1002 2443 1204 2535 Namquod
1228 2444 1377 2522 bonum,
1404 2438 1581 2519 faustum,
1607 2435 1665 2512 se,-

324 2555 375 2628 lix
399 2558 681 2652 fortunatumque
712 2577 802 2632 esset
847 2563 1001 2638 Pontifici
1029 2566 1171 2642 evenire
1193 2563 1407 2652 cupiebant.
1454 2557 1548 2650 Quia
1579 2577 1664 2632 veto

325 2681 432 2772 major
457 2680 669 2756 hebdomada
705 2685 1020 2777 appropinquabat,
1045 2686 1080 2757 id
1108 2684 1253 2756 maxime
1284 2684 1405 2770 decere
1429 2703 1545 2756 omnes
1570 2677 1665 2770 judi.-

323 2819 474 2886 cerunt,
499 2820 538 2872 ut
562 2825 639 2874 curn
664 2802 785 2876 insulis
808 2809 843 2875 ar
869 2807 1018 2878 coronis¹
1033 2804 1190 2882 Pontifex
1215 2829 1284 2880 rem
1317 2804 1467 2877 divinam
1507 2799 1635 2874 faceret
1652 2841 1684 2900 ιΙ

321 2922 467 3012 ltaque,
495 2939 535 2991 ut
570 2924 616 2993 ait
644 2925 738 2996 Paris
767 2927 926 2996 Grassius
942 2977 955 3009 ,
970 2927 1025 3000 dic
1047 2927 1160 2998 mortis
1184 2939 1250 2996 XV.
1269 2923 1380 3013 sacius
1403 2938 1454 2994 est
1463 2917 1664 3015 presbyter,
1765 2931 1768 2940 '

322 3036 356 3111 ὁ
382 3041 435 3111 die
460 3041 557 3116 Iovis
581 3055 686 3112 κω·
704 3059 938 3129 consecratur,
964 3042 996 3118 d«
1019 3047 1074 3118 die
1097 3044 1259 3124 Sabdordr'
1290 3057 1577 3132 xtmcoronatus
1601 3062 1660 3112 re·

317 3159 533 3252 peritissime.
560 3161 717 3234 Nondum
741 3164 770 3236 is
796 3165 1060 3240 econclavibus
1085 3167 1238 3251 exierat,
1261 3189 1339 3236 curn
1364 3167 1429 3238 sibi
1451 3165 1491 3239 ab
1506 3157 1664 3251 epistolis

323 3263 469 3350 adscivit
487 3281 630 3354 Petrum
654 3283 813 3357 Eembtrm
838 3289 871 3358 u
894 3286 1054 3366 iacobum
1078 3287 1303 3372 Sadoletum‚
1329 3287 1389 3378 qui
1425 3287 1552 3358 Romae
1578 3299 1662 3354 tuuc

319 3415 441 3486 erant,
467 3402 681 3500 atquehaec
707 3422 760 3478 res
785 3405 909 3478 mirum
931 3408 972 3478 in
990 3408 1128 3482 modurn
1162 3405 1273 3482 valuit
1315 3407 1356 3478 ad
1400 3401 1664 3498 confirmandam

320 3541 435 3609 spem,
462 3545 564 3616 quarn
588 3547 707 3598 omnes
735 3545 991 3616 conceperant,
1014 3529 1114 3615 sore,
1139 3547 1178 3604 ut
1204 3551 1263 3622 per
1277 3551 1354 3604 cunr
1373 3527 1508 3609 litterae
1531 3522 1665 3598 littera·

317 3637 412 3731 tique
437 3665 556 3715 omues
584 3645 625 3715 ad
649 3644 792 3738 gloriam
818 3647 1097 3742 splendoremque
1123 3670 1271 3728 veterem
1297 3665 1566 3724 revocarentur.
1590 3643 1681 3727 Ne,

315 3782 374 3828 mo
399 3761 489 3833 enim
512 3767 691 3858 ignorabat
720 3768 911 3842 rediissimis
931 3770 1052 3842 studiis
1078 3774 1113 3842 u
1139 3769 1445 3844 artibushomines
1470 3765 1548 3839 illos
1564 3785 1661 3860 prae·

313 3875 408 3950 ditos
434 3903 534 3968 esser
559 3891 592 3958 δι
617 3889 828 3982 scripserunt
852 3891 986 3984 quidem
1010 3891 1176 3984 epistolas
1200 3890 1309 3982 plane
1333 3887 1493 3974 Latinas,
1517 3882 1661 3980 elegan-

313 3995 555 4098 tissimasque,
580 4009 673 4100 quod
698 4031 778 4084 ante
802 4012 837 4085 id
862 4029 996 4102 tempus
1022 4012 1193 4088 acciderat
1214 4012 1326 4096 nulli,
1349 4009 1409 4106 viat
1434 4025 1474 4084 ut
1497 4005 1570 4080 fieri
1584 4024 1676 4102 posu

310 4138 350 4190 se
372 4119 602 4213 judicaretur.
630 4133 836 4228 Quanquam
862 4136 984 4211 animis
1008 4134 1104 4229 prius
1129 4136 1163 4207 dt
1187 4129 1344 4226 judiciis,
1377 4151 1479 4221 quam
1518 4125 1671 4203 aurbus.

310 4241 462 4315 nuncius
489 4249 624 4323 Ioannis
650 4256 693 4328 ad
718 4279 883 4329 summurn
905 4257 1142 4331 Sacerdotium
1178 4254 1286 4333 everti
1322 4251 1481 4328 acervus
1521 4227 1654 4326 suerit,

307 4383 433 4453 magno
457 4386 570 4442 tamen
597 4373 779 4448 certamine
811 4399 851 4449 ac
877 4377 1027 4455 tumultu
1053 4377 1209 4456 taerano·
1243 4347 1358 4446 ΡΟΡῑῑῙἰ
1384 4351 1426 4426 ad
1467 4349 1651 4433 ‘millam

312 4493 518 4552 coneursum
545 4508 614 4564 ιιι,
639 4493 895 4570 „careatque
913 4485 1052 4562 ocutts,
1088 4469 1295 4568 auribusque
1331 4471 1470 4562 ,haurite
1510 4494 1659 4558 tanturn.
