4472 5828
738 692 767 752 v
867 671 898 757 ι’·
971 669 1054 760 ’τ’
1111 687 1141 758 Α
1494 671 1496 676 ’
1554 679 1616 775 'r9

252 879 255 885 .
315 799 447 882 dociles
471 820 569 877 atires
586 793 807 896 praebuisset
820 834 830 877 :
848 791 934 878 ¹nant
951 787 1186 890 excisionem,
1212 799 1511 908 inflammationem
1527 857 1539 885 ,
1556 790 1658 876 ‘evei-

252 923 256 934 ‘
314 930 469 1009 sionem,
493 915 813 1018 depopulationem,
841 927 1061 1011 vastitatem,
1086 949 1186 1018 quam
1203 929 1410 999 asociorum
1428 919 1566 1000 urbibus
1585 945 1664 1013 pro·
1713 915 1717 920 ¹

305 1045 749 1136 ltibereminitnepotuit,
774 1033 848 1116 suis¹
872 1048 1030 1118 omnibus
1055 1045 1150 1117 reaia
1178 1047 1280 1137 atque
1308 1043 1395 1134 agris
1423 1043 1561 1114 inlatam
1592 1045 1662 1116 do-

314 1165 386 1237 let-e
423 1153 564 1237 debuit.
674 1165 684 1178 ”
1091 1171 1096 1180 “

312 1281 316 1290 “
365 1289 566 1356 nucereto
591 1282 703 1362 bello,
729 1307 923 1376 quanquam
948 1284 1149 1373 Alphonsus
1163 1284 1271 1355 multa
1286 1303 1594 1372 paraverat,quae
1620 1280 1661 1352 ad
1746 1273 1749 1280 ’

315 1404 383 1474 ltoc
413 1422 507 1474 terra
533 1404 685 1493 marique
710 1402 1165 1498 sustlo'en'dunt'necessaria
1188 1420 1285 1472 etant
1305 1455 1314 1488 ‚
1338 1401 1386 1473 δι’
1411 1400 1575 1472 Aemiliae
1609 1423 1663 1470 te·

316 1523 444 1618 gulos,
472 1520 506 1588 iu
532 1543 619 1613 quos
647 1525 874 1598 incursionem
899 1540 1002 1614 atque
1030 1521 1190 1609 impetum
1217 1540 1385 1592 armorum
1406 1515 1550 1608 primum
1585 1519 1658 1590 fore

319 1641 530 1733 putabatur,
557 1639 591 1708 in
616 1661 728 1732 partes
764 1663 842 1710 suas
868 1643 1067 1728 traxisset,
1107 1641 1164 1710 ubi
1203 1660 1317 1712 tamen
1351 1637 1444 1708 sama
1483 1637 1662 1710 nunciavit

295 1751 451 1828 Gallos.
474 1757 566 1848 alpes
592 1753 863 1842 transcendere,
879 1748 985 1830 ltalia
1007 1761 1118 1830 omnis
1145 1783 1335 1841 concussa,
1368 1785 1443 1850 spes
1486 1779 1662 1855 metusque

220 1910 221 1914 ι
320 1877 439 1969 iugens
464 1875 771 1948 omnium'a'nin'tos
797 1893 1035 1968 occupavere.
1060 1885 1099 1949 ln
1125 1881 1240 1950 Caroli
1266 1859 1428 1952 exercitu
1443 1901 1563 1974 magna
1589 1899 1662 1954 etat

322 1997 505 2075 multitudo
532 1993 739 2087 perditorum
764 1989 967 2082 hominum,
988 1999 1228 2092 latronumque
1245 1999 1466 2093 ‚pubs‘spes
1495 1993 1666 2091 praedati·

322 2117 357 2186 ti
380 2119 414 2186 in
440 2117 621 2207 provincia
644 2120 794 2188 omniurn
824 2141 933 2189 return
961 2099 1274 2189 abundanti-laede
1312 2121 1354 2190 ad
1379 2142 1469 2190 arma
1493 2112 1661 2192 vocavit.

320 2237 351 2314 ls
394 2261 457 2326 por⁴
492 2237 664 2308 Taurinos
703 2233 751 2321 νζ
794 2229 840 2308 ld.
898 2223 1101 2328 Septembris
1142 2265 1197 2310 an.
1245 2235 1508 2313 Mccccx'tllll·
1551 2227 1699 2316 Astam'

322 2359 517 2451 Pompeiam
558 2355 743 2444 pervenit,
774 2383 843 2448 quo
892 2341 1086 2430 ludovicus
1133 2361 1467 2465 magnificentissimo
1502 2387 1665 2459 apparata

319 2477 458 2546 obviarn
480 2478 565 2568 Regi
595 2480 788 2566 processit.
819 2479 983 2555 Perfacile
1013 2478 1105 2554 factu
1128 2507 1202 2553 esse
1227 2483 1277 2553 illi
1293 2487 1419 2572 probat·
1441 2474 1567 2576 conata
1593 2493 1669 2580 per·
1734 2570 1736 2574 ,

320 2596 422 2666 rcere
442 2646 452 2678 ,
474 2615 660 2686 ,propterea
691 2599 785 2688 quod
829 2602 900 2689 ipse
931 2617 1011 2671 suae
1034 2603 1188 2677 ciuitatis
1218 2601 1396 2695 imperium
1418 2599 1438 2694 (
1452 2631 1528 2700 narn
1554 2611 1594 2680 de
1619 2615 1665 2682 ld.

292 2713 470 2784 'salerni
497 2717 638 2786 Mariae
648 2719 723 2788 vita
743 2719 1008 2808 desperabatur,
1031 2725 1087 2792 cui
1113 2701 1283 2798 venenum
1311 2731 1384 2816 ipse
1407 2719 1549 2822 dedisse
1570 2749 1669 2820 puta·

322 2831 446 2916 ιιιιιι,
463 2829 611 2904 cantum
641 2834 686 2905 in
709 2839 879 2914 mentibus
903 2842 1079 2956 hominum
1107 2843 1214 2914 mala
1224 2825 1388 2935 regnandi
1412 2835 1594 2966 ‘cupiditas
1607 2876 1667 2940 po·

329 2955 431 3042 test)
462 2953 670 3027 obtenturus
703 2973 817 3040 esset,
848 2979 970 3051 neque
988 2945 1062 3035 esse
1092 2964 1255 3046 dubium,
1290 2965 1373 3056 quin
1405 2958 1530 3056 siper
1550 2968 1669 3060 Apua

326 3087 391 3142 nos
420 3065 559 3160 Ligures
582 3073 710 3146 roua
701 3099 736 3148 tn
776 3079 945 3156 Etruriam
975 3080 1233 3163 contenderet,
1241 3085 1370 3156 multis
1395 3081 1672 3162 Florentiuorunt

326 3187 463 3278 oppidis
492 3187 619 3270 stetini
611 3194 799 3282 potiturus
826 3219 935 3273 osset
964 3199 1259 3274 pontremulum
1250 3207 1353 3296 igitur
1379 3209 1512 3298 magnis
1538 3211 1671 3285 itineri

324 3307 416 3394 bur,
446 3305 683 3402 postquarie
725 3315 934 3388 variolarunt'
971 3303 1091 3390 morbo
1127 3343 1335 3410 emerserat,
1370 3327 1559 3419 pervenit,
1590 3330 1670 3400 inde

325 3425 372 3496 ad
403 3427 671 3520 oppugnandum
699 3425 917 3507 Fiviizanttm
946 3439 1137 3529 processit,
1169 3465 1244 3544 quo
1281 3465 1403 3538 capto,
1437 3469 1476 3516 ac
1505 3445 1670 3518 crudelis·

328 3545 413 3616 sinte
440 3545 609 3634 vastato,
653 3554 841 3630 exercitum
885 3557 953 3630 a'd
972 3558 1197 3634 invadendum
1232 3563 1448 3654 sergianum,
1474 3567 1564 3660 quod
1594 3547 1671 3638 tuni

157 3709 161 3717 -
231 3740 235 3754 ‚
327 3683 401 3737 erat
431 3668 636 3757 oppidum
626 3691 662 3742 ιιι
690 3673 821 3746 ditione
847 3668 1149 3767 Florentiuoru'nt,
1161 3683 1354 3766 traduxit.
1382 3677 1459 3778 Non
1487 3687 1571 3760 satis
1601 3711 1670 3758 va·

328 3779 471 3856 lidum
458 3810 498 3858 ιιι
527 3807 574 3860 e'o
594 3807 668 3867 erat
698 3794 929 3883 praesidium,
956 3803 1007 3870 ιι
1003 3823 1151 3886 manus,
1178 3825 1279 3894 quam
1314 3803 1355 3876 ad
1382 3801 1473 3876 illius
1498 3805 1671 3878 defensio·

234 3903 237 3906 ’
331 3925 409 3973 nem
447 3892 610 3986 miserant
646 3911 862 4004 Florentini,
886 3935 1066 4021 antequam
1099 3943 1142 3990 eo
1173 3921 1392 4025 perveniret,
1428 3925 1620 4002 hostium
1611 3911 1673 3998 rm'·
1692 3931 1697 3942 '

329 4041 445 4111 petum
492 4021 654 4103 minlme
651 4034 850 4118 sustinuit,
886 4059 1072 4132 magnaque
1094 4062 1180 4136 pars
1196 4061 1258 4111 aut
1293 4041 1491 4130 interfecta,
1522 4067 1581 4121 aut
1615 4053 1671 4118 cas'

328 4159 387 4230 pta
415 4143 509 4230 fuit,
532 4149 657 4222 ceteris
691 4152 734 4222 ιιι
756 4151 870 4246 sugam
893 4159 1091 4238 conversis.
1124 4161 1209 4230 Cum
1237 4156 1353 4233 ottinia
1379 4185 1539 4266 prospere
1573 4163 1673 4236 cede·

330 4279 415 4332 tent
440 4263 576 4350 Gallis,
606 4273 641 4340 ιι
676 4271 799 4345 civitas
821 4287 945 4366 magno
971 4278 1093 4352 timore
1129 4277 1286 4368 perculsa
1313 4301 1424 4368 esset,
1449 4299 1532 4356 suae
1561 4281 1673 4358 fortu-

328 4399 407 4452 nas
429 4380 528 4452 duxit
572 4389 690 4466 Petrus
726 4414 796 4461 una
836 4413 913 4464 curn
943 4397 1064 4470 Paullo
1093 4401 1259 4489 Ursinio,
1280 4407 1348 4496 qui
1386 4423 1470 4476 tunc
1506 4403 1674 4477 Florenti·

330 4497 404 4580 air,
403 4500 606 4599 militabat,
631 4507 738 4594 adite
766 4513 914 4609 Regem,
938 4531 979 4588 ut
1013 4518 1207 4640 confitendo
1243 4542 1305 4598 seu
1338 4525 1421 4603 sitae
1442 4523 1581 4617 culpae,
1610 4533 1672 4604 stu

705 4657 707 4662 ·
841 4639 846 4656 '
971 4621 1093 4709 Ca
