4472 5828
531 649 545 657 ··
625 645 667 692 ro
1008 620 1034 687 L
1083 619 1109 686 E
1159 619 1192 687 Ο
1240 618 1270 690 N
1319 623 1335 690 1
1382 622 1404 690 S
1477 621 1517 692 X.

571 742 703 812 animus
720 741 812 812 haud
826 739 956 834 potuit,
975 757 1171 837 quanquam
1187 737 1234 814 nil
1251 761 1319 812 tam
1332 757 1484 838 cuperet,
1502 761 1603 835 quam
1611 739 1793 831 gratificari
1815 745 1903 818 bau·
1951 811 1952 815 ,

570 866 678 939 rentio
694 911 703 932 .
727 847 840 934 Plures
856 885 953 944 erant
967 881 1108 936 caussae
1124 863 1226 956 hujus
1243 863 1421 956 singularis
1437 849 1569 954 studii,
1584 852 1701 934 murita
1715 863 1901 954 voluntas,

568 979 688 1054 mutua
712 985 844 1068 officia,
870 989 903 1056 d<
929 971 1190 1076 propinquitatis
1217 983 1372 1054 vincula.
1399 988 1487 1083 Nam!
1508 985 1708 1055 franciscus
1732 984 1815 1054 Cibo
1854 1001 1897 1055 ex

566 1107 640 1193 ipso
666 1105 832 1176 Pontifice
852 1125 953 1202 natus
976 1107 1011 1176 in
1036 1107 1284 1177 matrimonium
1306 1108 1448 1179 duxerat
1471 1105 1703 1197 Magdalenam
1728 1102 1901 1194 Laurentii

564 1225 682 1313 filiam,
710 1223 865 1304 feiniuam
889 1249 970 1298 sane
992 1229 1083 1298 omni
1107 1227 1237 1300 virtute
1272 1227 1539 1306 ornatissimam.
1573 1221 1717 1334 Coaflus
1759 1229 1902 1326 loannes

564 1344 671 1416 omnis
698 1347 790 1418 vitae
816 1367 895 1417 suae
918 1346 1085 1434 rationem
1104 1349 1241 1420 reddere
1265 1349 1444 1438 Pontifici,
1470 1350 1504 1422 in
1528 1348 1659 1420 duabus
1683 1347 1813 1440 magnis
1838 1341 1900 1414 ho'·

566 1447 738 1557 messisque
772 1468 871 1537 rebus
908 1469 1038 1538 studuit
1075 1475 1270 1558 praesertim
1301 1474 1471 1559 eminere,
1512 1472 1547 1544 in
1579 1469 1829 1560 disciplinarum
1861 1468 1917 1536 da.

498 1685 501 1693 Ι
562 1584 627 1654 Dei
653 1584 767 1663 cultu.
792 1585 888 1678 cujus
914 1586 961 1660 rei
986 1611 1107 1663 caussa
1131 1597 1165 1662 ὃ(
1187 1591 1270 1683 juris
1292 1592 1455 1662 Pontificii
1478 1590 1615 1678 laurea,
1641 1596 1675 1664 s<
1699 1588 1892 1660 Subdiaco-

560 1723 660 1775 natus
684 1711 716 1778 dr
740 1709 951 1782 Diaconatus
966 1713 1158 1796 ordinibus,
1175 1713 1272 1782 venia
1296 1711 1602 1796 aetatisobtenta,
1629 1707 1817 1780 Florentiae
1841 1732 1896 1778 an.

564 1842 916 1903 nrccccuxxxthJJ.
949 1830 1130 1922 insignitus
1155 1851 1207 1902 est
1231 1831 1314 1922 (3).
1349 1835 1395 1902 At
1418 1835 1500 1904 Pisis
1534 1831 1728 1922 praesertim
1762 1850 1899 1920 operam

546 1945 651 2016 'dedit
673 1949 754 2041 juris
771 1929 991 2038 prudentiae,
1015 1952 1108 2044 quod
1128 1975 1163 2021 se
1179 1971 1384 2042 magnopere
1411 1973 1534 2040 cupere
1559 1949 1789 2038 declaraverat
1809 1951 1897 2018 Pon·

558 2064 667 2154 tifex,
684 2079 770 2160 'qua
800 2067 836 2138 in
867 2067 1032 2140 facultate
1064 2089 1297 2161 praeceptores
1329 2071 1446 2142 habuit
1481 2068 1666 2158 Philippum
1691 2067 1833 2136 Decium
1860 2073 1895 2140 bt

560 2187 858 2260 Bartholomaeum
881 2189 1097 2276 Sozzinium,
1116 2193 1174 2282 qui
1199 2209 1272 2261 tum
1294 2189 1616 2264 iurisconsultorum
1642 2189 1808 2278 principes
1839 2212 1901 2258 nu·

560 2309 808 2380 merebantur.
851 2309 979 2380 Extant
1019 2312 1157 2382 Latinae
1197 2311 1331 2383 litterae
1376 2309 1559 2381 Alexandri
1605 2310 1755 2380 Parnesii
1799 2309 1900 2380 datae

559 2427 688 2500 Romae
712 2446 764 2502 vr.
789 2433 837 2504 Id.
856 2431 1049 2502 Decembris
1075 2456 1129 2502 an.
1155 2446 1366 2504 ntccccxct.
1394 2430 1436 2501 ad
1471 2429 1656 2516 ioannem,
1691 2418 1812 2520 quibus
1852 2427 1901 2498 illi

559 2547 602 2617 de
627 2547 762 2640 ingenio
785 2553 819 2621 δι
843 2548 1014 2644 diligentia
1044 2550 1258 2644 gratulatur,
1285 2549 1585 2634 necessitudinem,
1610 2571 1697 2638 quae
1722 2548 1783 2618 sibi
1819 2569 1897 2616 cum

558 2667 739 2742 Laurentio
765 2689 860 2762 patre
885 2672 1141 2760 intercedebat,
1168 2689 1433 2762 commemorat,
1470 2688 1573 2762 atque
1597 2669 1816 2743 vehementer
1850 2665 1898 2738 illi

559 2792 771 2865 commendat
794 2791 1069 2882 Pamplonensem
1093 2793 1317 2882 Episcopum,
1341 2792 1400 2882 qui
1435 2791 1527 2860 Pisas
1555 2789 1742 2860 studiorum
1777 2810 1898 2857 caussa

558 2913 767 2984 concedebat
791 2909 873 3005 (4).
895 2913 1125 2986 Libentissime
1153 2913 1254 2984 etiam
1280 2911 1436 2982 audiebat
1461 2927 1602 2998 paterna
1640 2909 1675 2980 in
1690 2938 1695 2944 ·
1713 2909 1813 2978 domo
1849 2909 1898 2975 Jo.

556 3035 672 3108 Picum
696 3037 993 3125 Mirandulanum,
1017 3038 1203 3110 Marsilium
1226 3034 1400 3124 Ficinum,
1441 3039 1535 3130 cujus
1573 3031 1693 3106 extant
1727 3032 1899 3124 prooemia

457 3219 461 3226 .
556 3157 829 3244 in'damblicum,
865 3157 900 3226 in
925 3154 1108 3230 Proculum
1134 3163 1167 3230 br
1193 3157 1414 3245 Porphyrium
1440 3157 1484 3228 ad
1506 3157 1668 3226 Ioannem
1696 3156 1828 3242 ipsum,
1853 3175 1897 3220 a·-

557 3273 690 3367 liosque
714 3276 798 3346 bene
822 3277 947 3349 multos
972 3279 1138 3351 derebus
1164 3275 1407 3365 philosophicis
1432 3255 1665 3363 disputantes,
1690 3295 1755 3344 nec
1773 3271 1897 3342 medio·

554 3417 616 3466 cre
641 3411 772 3485 tempus
797 3398 1012 3484 insumebat,
1037 3399 1118 3470 dum
1152 3395 1335 3470 feriabatur
1375 3420 1395 3466 a
1426 3396 1635 3486 gravioribus
1678 3393 1820 3478 studiis,
1863 3393 1897 3464 in

557 3515 691 3588 Graeca
713 3518 825 3609 lingua
850 3520 1069 3605 addiscenda,
1096 3523 1131 3592 δι
1156 3519 1196 3593 in
1215 3517 1363 3609 legendis
1378 3517 1524 3604 poetis,
1549 3537 1627 3584 cum
1651 3513 1813 3584 scriberet
1830 3519 1903 3608 ipse

555 3641 707 3710 carmina
731 3639 813 3708 satis
837 3635 951 3726 bella,
975 3641 1005 3710 si
1029 3638 1158 3729 spedles
1185 3657 1350 3710 aetatem.
1372 3636 1517 3712 Mirifice
1541 3659 1625 3708 veto
1660 3635 1790 3710 indoles
1833 3639 1902 3710 vir·

557 3760 641 3828 tutis
667 3784 708 3828 ex
733 3781 774 3828 eo
800 3760 999 3864 praesertim
1027 3760 1234 3848 apparebat,
1258 3761 1349 3848 quod
1376 3777 1449 3834 erat
1475 3759 1691 3830 libentissime
1732 3782 1808 3828 cum
1832 3759 1902 3828 ho·

554 3860 700 3948 minibus
723 3901 793 3949 non
818 3877 932 3950 solum
952 3877 1126 3966 dodlrina,
1155 3879 1343 3950 sedetiam
1368 3877 1548 3949 senilitate
1572 3878 1787 3964 clarissimis,
1818 3902 1899 3968 qua·

556 4022 593 4069 re
615 3999 663 4067 ita
695 3999 931 4092 frequentabat
968 3999 1247 4072 camaldulenses
1274 4000 1482 4084 monachos,
1518 4019 1557 4070 ut
1591 4000 1626 4068 in
1666 3998 1705 4068 iis
1750 3996 1897 4089 litteris,

556 4141 641 4208 quas
668 4119 709 4188 ad
733 4144 791 4190 eos
814 4121 972 4194 Pontifex
997 4121 1237 4194 beneficiorum
1261 4120 1403 4212 largitor
1429 4118 1606 4189 munificus
1617 4096 1739 4203 dedit,
1765 4141 1801 4186 se
1821 4137 1899 4186 sua·

555 4238 690 4306 uissime'
715 4238 884 4308 recordari
908 4240 1055 4324 dixerit,
1078 4243 1170 4333 quod
1197 4244 1233 4312 in
1259 4263 1380 4326 eorum
1406 4239 1572 4310 coenobio
1601 4236 1797 4308 Florentino
1819 4236 1916 4306 ador·

554 4356 729 4426 lescentine
753 4361 846 4427 suae'
865 4373 1008 4449 tempore
1033 4383 1099 4428 non
1124 4359 1229 4430 solnm
1254 4377 1425 4446 uersatus,
1452 4364 1511 4432 sed
1527 4382 1616 4452 pens
1639 4361 1801 4460 educatus
1816 4357 1921 4447 suen

553 4477 624 4549 tit.
648 4476 699 4552 Ex
723 4473 762 4546 iis
784 4499 867 4550 veto
901 4479 1058 4558 utebatur
1088 4475 1339 4557 familiarissime
1364 4483 1463 4551 Petro
1478 4479 1691 4576 ¹Delphirtio,
1717 4485 1752 4556 dt
1776 4474 1882 4552 Paul-
