4392 5838
1623 611 1686 684 305

486 709 528 770 les
549 709 663 770 ancient
684 709 754 768 dans
774 709 801 769 le
822 709 967 790 tragique‚
988 729 1019 770 ee
1042 709 1070 768 n'
1087 722 1130 770 est
1152 725 1201 790 pas
1221 725 1277 789 que
1299 721 1380 769 roste
1402 705 1504 790 langue
1520 703 1736 776 hasnoniense,

483 811 609 878 ,stronde
630 819 657 874 dc
679 814 795 874 floribit
816 791 851 872 ni
874 811 930 873 soit
951 831 1053 893 propre
1075 815 1090 872 i
1110 829 1175 872 tous
1196 813 1238 874 les
1258 817 1365 892 cajeta:
1388 812 1458 872 snais
1488 811 1511 870 il
1535 832 1552 891 y
1585 832 1600 869 a
1628 811 1736 894 grande

491 938 626 1000 spartace
647 941 703 1001 que
723 917 750 978 le
770 919 895 1001 progres‚
916 935 970 998 que
993 937 1062 977 vous
1083 920 1149 980 asts
1169 912 1235 978 faits
1257 913 1326 976 dans
1348 916 1376 976 lu
1389 915 1534 996 musique.
1554 933 1609 976 ont
1631 919 1740 978 nuierr-

489 1023 529 1080 fin
552 1023 657 1082 betur
680 1019 717 1080 de
737 1022 765 1082 la
788 1021 921 1082 vetustte
941 1021 1088 1104 tragedia.
1110 1023 1144 1082 C'
1164 1036 1206 1080 eet
1227 1039 1268 1094 un
1289 1019 1380 1078 taient
1400 1020 1451 1100 qui
1475 1039 1489 1078 a
1509 1018 1561 1079 fait
1581 1035 1640 1078 tort
1662 1023 1676 1080 ὲ
1700 1040 1741 1079 urs

491 1141 589 1185 autre·
610 1125 676 1184 Non
699 1127 770 1185 satis
791 1139 895 1184 constat
916 1145 970 1201 quo
992 1145 1065 1184 anno
1100 1125 1235 1185 Davitius
1267 1125 1436 1185 Calandrurn
1457 1125 1631 1184 exaraverit.
1653 1121 1739 1183 Anno

493 1229 603 1302 quidem
627 1247 716 1304 1521·
732 1233 851 1306 primurn
873 1231 951 1290 edita
967 1227 1028 1303 fuir
1046 1249 1106 1288 eum
1129 1228 1179 1286 boc
1199 1226 1304 1292 titulo.
1323 1225 1462 1288 comedia
1484 1225 1637 1286 ridiculosa
1657 1246 1737 1287 cota·
1829 1215 1835 1223 ’

491 1345 573 1412 posta
587 1349 638 1412 per
658 1329 684 1390 el
705 1333 784 1392 Rmo
805 1331 955 1394 cardinale
976 1329 1007 1390 di
1028 1331 1054 1389 S.
1085 1330 1178 1389 Maria
1199 1329 1230 1388 in
1252 1327 1387 1388 Porticu-
1410 1330 1502 1408 Quam
1524 1329 1668 1408 magnifico
1689 1351 1741 1407 ap.

490 1451 597 1508 paratu
617 1435 686 1496 baec
701 1438 845 1496 comoedia
865 1436 1019 1512 aliquando
1039 1434 1102 1494 abba
1119 1433 1229 1510 fuerit,
1250 1433 1376 1508 pluribus
1408 1433 1550 1508 descripsit
1583 1433 1743 1512 Bultlrasar

494 1540 702 1600 Cartiliorsius:
726 1541 837 1598 Lettere
859 1537 927 1597 vot.
950 1541 977 1596 t.
993 1557 1056 1619 pag.
1080 1547 1148 1612 ¹5⁶·
1170 1536 1331 1596 Patauinae
1351 1537 1482 1597 editionis
1499 1554 1544 1594 an.
1570 1544 1660 1608 1769.

326 1671 330 1680 ν
412 1637 498 1722 (109)
519 1641 670 1718 Scriptores
688 1642 781 1718 plures
802 1641 906 1700 Isidori
932 1641 1083 1717 Ugucgerii
1104 1630 1269 1702 uubboritute
1291 1643 1393 1716 decepti
1412 1653 1545 1716 putarunt
1573 1637 1620 1699 vel
1639 1659 1657 1697 a
1674 1639 1746 1698 Leo·

495 1747 539 1806 nis
554 1747 721 1819 temporibus
741 1737 870 1804 extitisse
891 1741 1015 1803 Rudiuin
1037 1745 1219 1804 Academiam
1236 1789 1244 1814 ‚
1266 1745 1311 1804 vel
1331 1760 1362 1802 ut
1382 1746 1436 1821 ipsi
1455 1743 1656 1822 appellabant,
1675 1746 1744 1805 Cort-
1789 1727 1794 1738 ¹

495 1867 607 1926 grego.
628 1851 743 1910 Constat
763 1852 836 1910 eninr
851 1870 888 1909 est
907 1848 1127 1909 institutionibus
1150 1850 1270 1928 ejusdem
1292 1863 1397 1914 coetus,
1419 1849 1488 1906 lzurrc
1504 1847 1616 1906 initiunt
1632 1847 1749 1908 babuis.

498 1972 530 2013 se
548 1973 605 2012 an..
618 1971 706 2032 1531.
729 1955 800 2014 Kal.
821 1955 1013 2016 Novembris·
1036 1953 1085 2012 De
1107 1951 1157 2010 lrac
1179 1971 1208 2010 re
1223 1952 1309 2025 plura
1322 1949 1468 2012 ‘exaravit
1493 1953 1616 2011 Ubertus
1653 1953 1746 2022 Bene.

496 2056 649 2119 tollentius
670 2059 700 2118 ils
722 2057 843 2132 epistola
863 2058 1001 2134 quadarn,
1021 2075 1093 2133 quae
1115 2058 1301 2131 manuscripta
1329 2071 1491 2120 asservatur
1509 2058 1539 2118 itt
1566 2055 1748 2120 Bibliotheca

496 2163 584 2243 Lycei
611 2162 762 2225 Senensis.
1065 2221 1070 2230 ,

420 2267 509 2346 ltro)
532 2267 625 2327 bilius
647 2268 800 2344 Gregorius
830 2267 979 2328 Gitaldins
1007 2267 1043 2328 de
1065 2265 1174 2324 Ροιιιι.
1194 2265 1305 2340 Histoe.
1327 2267 1406 2326 Dial.
1428 2267 1512 2328 Vlil.
1532 2267 1600 2327 leuet
1623 2267 1749 2330 dolenter

501 2371 639 2444 scripsit.
659 2375 704 2432 Ac
725 2387 804 2430 nunt
826 2368 901 2430 mihi
921 2369 998 2452 apud
1018 2390 1069 2432 vos
1090 2383 1198 2430 secreto
1218 2366 1302 2428 liceat
1322 2368 1499 2434 exclamare:
1520 2390 1538 2430 ο
1559 2386 1708 2452 tempora.
1728 2391 1750 2432 ο

502 2470 611 2530 mores!
635 2473 744 2558 iterum
766 2471 906 2534 obscoena
926 2473 1022 2534 omnis
1043 2493 1126 2534 scena
1157 2489 1289 2532 revocata
1310 2487 1376 2536 est:
1398 2472 1504 2552 passim
1525 2468 1636 2532 fabulae
1661 2492 1751 2556 agun-

505 2589 574 2643 tur.
595 2578 623 2636 bc
643 2592 715 2654 quas
735 2589 850 2656 propter
872 2574 1084 2656 turpitudinem
1114 2573 1344 2658 Christianorum
1376 2575 1509 2658 omnium
1530 2563 1685 2660 coenosus
1705 2593 1753 2634 ex-

506 2674 635 2759 pulerat,
655 2678 793 2754 eiecerat,
827 2676 1089 2746 exterminaverat,
1112 2697 1231 2745 eorum.
1251 2678 1275 2736 si
1300 2681 1363 2738 Deo
1384 2679 1495 2760 placet,
1515 2675 1682 2764 Praetulea,
1713 2691 1756 2738 at·

424 2835 427 2844 r
500 2799 556 2861 que
577 2778 669 2840 nostri
689 2779 744 2860 ipsi
766 2779 939 2849 Antistites,
963 2779 1073 2840 nedum
1094 2778 1241 2862 Principes
1262 2779 1294 2840 in
1316 2779 1445 2840 medium
1467 2795 1622 2864 reuocant,
1650 2786 1753 2870 &pu-

502 2881 577 2944 blice
597 2881 707 2943 adiitari
727 2898 901 2964 procurant..
922 2882 1005 2962 Quin
1025 2887 1054 2940 bt
1082 2877 1223 2947 famosum
1245 2881 1394 2946 histrionis
1415 2903 1523 2972 nomen
1544 2888 1602 2972 jam
1623 2881 1756 2945 Sacerdo-

502 3001 546 3058 tes
564 2986 621 3068 ipsi
640 2989 669 3046 bt
689 2983 774 3046 saeris
794 2981 903 3046 initiati
923 2981 980 3045 tibi
1009 2984 1159 3048 ambitiose
1179 2987 1339 3060 asciscunt,
1362 3003 1395 3050 ur
1423 2987 1491 3050 inde
1523 2986 1690 3051 sacerdotiis
1713 2986 1757 3046 lo.

500 3087 639 3173 cupletati
660 3084 867 3150 honesteneut.
1210 3167 1213 3174 1
1487 3161 1492 3173 ,

422 3193 509 3275 (ιιι)
528 3175 658 3256 Studiuai
673 3191 724 3253 bot
746 3192 890 3273 pontificis
906 3190 936 3256 ia
957 3209 1049 3256 uetera
1078 3215 1255 3262 monumento
1287 3199 1369 3281 multi
1397 3177 1576 3266 retulerunt,
1606 3185 1642 3258 d·
1671 3205 1766 3282 extat*

503 3318 573 3376 opus
594 3283 728 3359 Andreae
754 3299 853 3361 Fulvii
884 3299 1071 3361 Praenestini⁴
1094 3295 1245 3363 exatrietris
1272 3304 1589 3371 sainsorensium,
1612 3319 1645 3358 ac
1672 3299 1752 3362 binos

503 3404 533 3464 in
554 3401 641 3461 libros
661 3403 799 3472 divisum,
821 3405 894 3479 quod
912 3405 1073 3466 inscribitur
1092 3405 1272 3488 antiquaria,
1294 3398 1329 3469 ὁ
1358 3409 1388 3467 in
1412 3427 1466 3484 quo
1497 3405 1592 3468 multis
1627 3399 1755 3468 millibus

503 3525 627 3568 versuum
649 3525 709 3565 curn
730 3501 833 3568 Leonis
854 3505 984 3568 laudibus
1005 3509 1183 3586 explicantur
1200 3511 1385 3588 antiquitates
1416 3513 1584 3580 Romanae,
1615 3509 1687 3585 quod
1708 3525 1754 3566 ne·

504 3609 607 3670 rninern
628 3623 693 3669 aare
712 3613 742 3669 s'e
763 3623 884 3671 tentasse
901 3626 989 3688 poeta
1018 3611 1159 3694 gloriatur
1176 3653 1184 3671 ·
1204 3613 1379 3674 Adservatur
1408 3615 1482 3676 illud
1511 3613 1541 3672 in
1574 3610 1756 3673 Bibliotheca

500 3713 695 3776 Laurentiano
716 3713 793 3774 Plus.
818 3737 863 3794 33.
884 3713 957 3777 eoa
984 3695 1036 3795 57.τ
1051 3717 1152 3779 Cetera
1174 3719 1248 3798 irater
1267 3717 1351 3779 babet
1372 3718 1423 3778 lroc
1444 3700 1569 3780 carnea:

685 3919 766 4002 Quid
787 3918 906 3984 referam
927 3938 1019 3986 castos
1040 3925 1116 3986 ritae
1137 3925 1199 3986 sine
1219 3922 1341 3984 crimine
1363 3925 1483 3984 mores?

414 4189 419 4198 ,
504 4129 576 4206 quod
596 4127 694 4208 afferre
714 4127 815 4200 libuit,
838 4142 869 4186 ut
888 4128 939 4186 ltoc
957 4147 1066 4206 quoque
1086 4131 1246 4192 testimonio
1269 4131 1422 4210 refellerent
1437 4129 1625 4190 accusationes
1639 4109 1759 4200 'eorumi

507 4233 556 4308 qui
576 4231 641 4290 ausi
661 4245 724 4292 sunt
744 4233 961 4294 incontinentiae
982 4249 1075 4296 notant
1098 4233 1187 4295 Leoni
1208 4235 1343 4296 inurere.

420 4335 507 4416 (rra)
530 4333 603 4415 Ejus
622 4335 799 4412 providentia
814 4333 922 4414 fabium
943 4353 1010 4406 est,
1030 4353 1062 4398 ut
1082 4355 1148 4399 arcte
1168 4339 1298 4414 terrrplurn
1320 4335 1351 4395 S.
1386 4337 1503 4398 Mariae
1529 4340 1569 4396 ad
1587 4338 1759 4418 Manyres‚'

502 4440 577 4516 quod
596 4441 753 4516 antiquitus
774 4439 922 4504 Pantheon
942 4441 1101 4513 dicebatur.
1124 4463 1174 4506 nas
1198 4440 1430 4526 Porphyreticarrt
1452 4443 1651 4514 collocaretur,
1675 4445 1751 4522 cujus

413 4628 418 4634 Ι
502 4543 541 4606 rei
562 4542 724 4606 memoriam
745 4544 813 4606 baec
827 4543 963 4622 prodebat
982 4545 1151 4624 inseriptios
1525 4557 1528 4564 ’
