4386 5838
671 611 705 680 V
797 615 814 686 l
911 614 944 686 Τ
1040 609 1071 684 Α
1473 627 1540 696 rap

254 729 396 824 lationis
420 729 594 802 artificium
619 733 800 815 eruditus,
826 732 956 825 aliquid
978 707 1137 822 speculae
1157 729 1403 821 degustarunt,
1428 728 1590 808 observa·

253 855 336 927 bant
360 851 613 943 diligentissime
638 853 920 943 quemadmodum
946 850 1062 942 illese
1088 874 1125 940 se
1149 867 1280 942 gereret
1306 848 1342 920 in
1368 843 1460 930 omni
1487 841 1592 918 actim

253 997 299 1064 rte
323 991 426 1064 atque
452 971 742 1042 administratione
757 972 1003 1062 Reipublicae,
1026 971 1221 1062 dabantque
1237 991 1397 1058 operam,
1411 986 1450 1056 pt
1473 967 1594 1058 ipse&
1672 963 1677 1060 ’Δ

253 1093 323 1162 Leo
349 1116 389 1161 ea
414 1095 631 1182 exquirerent
655 1091 828 1182 consilia,
852 1115 939 1182 quae
964 1091 1010 1163 ad
1033 1091 1252 1162 concordiam
1277 1088 1431 1175 civium,
1469 1062 1503 1158 a
1529 1109 1597 1177 pa-

196 1243 201 1250 ·
255 1214 342 1284 triae
367 1211 554 1304 libertatern
591 1211 833 1300 pertinebant,
872 1231 978 1302 utque
1014 1207 1132 1300 multis
1174 1187 1303 1303 injuriis
1336 1205 1460 1302 jadlata¹
1491 1223 1597 1298 atque

215 1341 216 1344 ’
257 1333 385 1424 agitata
410 1331 562 1422 aequitas
583 1354 647 1400 suo
674 1333 814 1424 tandem
840 1331 876 1401 in
902 1330 979 1423 loco
1006 1330 1193 1406 consistere
1221 1333 1254 1400 dt
1281 1305 1470 1416 confirmari
1494 1345 1599 1438 pate-

257 1473 397 1526 rentur.
424 1455 540 1542 Neque
566 1450 666 1543 aliam
691 1451 736 1522 ob
761 1473 916 1542 caussam
940 1449 1050 1538 palam
1092 1449 1226 1543 ajebant
1267 1446 1441 1538 provisum
1477 1447 1600 1537 aDeo

258 1571 392 1666 fuisse,
419 1591 457 1644 ut
483 1571 598 1644 nullus
625 1572 716 1662 justo
741 1569 956 1646 matrimonio
993 1589 1092 1642 natus
1118 1587 1336 1660 superesset,
1364 1567 1421 1660 qui
1455 1570 1599 1660 stirpem

258 1709 462 1786 propagaret
487 1691 602 1781 Cosmi
625 1690 733 1761 Patris
758 1689 910 1765 Patriae,
936 1694 969 1758 δι
996 1690 1066 1778 ejus
1093 1691 1227 1778 nepotis
1249 1688 1447 1768 Laurentii,
1474 1689 1531 1778 qui
1556 1686 1600 1764 ad

258 1833 497 1884 ornamentum
515 1835 585 1882 ιιοιι
603 1809 713 1882 solum
738 1810 912 1894 Etruriae,
936 1809 995 1880 sed
1012 1814 1045 1879 bt
1070 1811 1249 1902 universae
1262 1808 1378 1880 ltaliae
1403 1809 1474 1880 nati
1498 1810 1598 1904 vide·

260 1931 388 2024 bantur
413 1983 423 2013 ,
448 1931 513 2001 nisi
538 1951 576 2004 ut
601 1927 799 2020 Respublica
834 1949 910 1998 eunt
947 1929 1121 2020 dignitatis
1157 1937 1190 2002 er
1228 1929 1418 2024 splendoris
1454 1932 1598 2021 gradum

259 2071 500 2142 recuperaret,
530 2051 657 2140 inquo
692 2045 851 2141 per-illos
885 2051 1083 2134 praesertim
1107 2071 1256 2121 summos
1296 2049 1391 2122 viros
1431 2047 1605 2143 collocata,

263 2170 396 2246 fuerat.
421 2167 601 2240 Consuluit
624 2169 689 2236 hac
712 2166 753 2236 de
778 2189 813 2236 re
832 2167 988 2238 Pontifex
1003 2170 1182 2242 Nicolaum
1208 2167 1498 2252 Machiavellium,
1528 2189 1600 2259 qno

261 2315 346 2362 sane
366 2288 477 2388 nullus
501 2289 605 2378 magis
628 2286 768 2360 idonens
794 2305 877 2356 erat
894 2288 936 2358 ad
958 2287 1224 2373 declarandum,
1257 2291 1316 2382 qui
1341 2305 1429 2384 esset
1453 2289 1600 2382 optimus

261 2409 480 2516 Reipublicae
509 2424 641 2490 status,
656 2410 689 2476 bt
704 2430 789 2497 qnae
804 2427 919 2480 essent
938 2409 972 2480 in
990 2407 1170 2498 Republica
1186 2407 1420 2484 inclinationes
1443 2431 1551 2504 return
1567 2412 1604 2479 bc

262 2547 437 2604 momenta
454 2547 662 2614 temporum.
694 2517 834 2611 Scripsit
859 2525 916 2598 hic
943 2551 1024 2627 sane
1050 2528 1183 2621 longam
1211 2529 1252 2600 ad
1279 2528 1470 2606 Pontificem
1493 2529 1604 2624 ipsum

264 2643 469 2740 epistolam,
495 2666 581 2734 quae
608 2660 660 2713 est
681 2643 716 2711 in
731 2644 900 2730 manibus,
924 2671 1059 2737 quaque
1075 2647 1120 2719 illi
1138 2649 1293 2738 probavit
1313 2653 1346 2718 ὃι
1361 2647 1603 2744 rationibus&

263 2763 428 2858 exemplis
453 2783 592 2834 necesse
617 2785 690 2834 esse
716 2765 875 2834 maximas
901 2765 1061 2867 existere
1070 2767 1105 2840 in
1125 2765 1306 2857 Republica
1321 2767 1526 2869 varietates,
1545 2761 1604 2863 ubi

167 2969 170 2978 ι
214 2905 219 2914 ·
264 2893 456 2990 ponsensns
479 2883 652 2988 hominum
672 2901 724 2989 est
748 2884 924 2960 divulsus.
949 2887 1027 2977 Quo
1050 2886 1150 2957 modo
1167 2885 1445 2978 conglutinante
1467 2903 1601 2998 posset,

237 2977 348 3098 ‚qnid
371 3022 574 3093 congrueret
600 2983 742 3105 naturae
769 3005 919 3111 civium,
946 3006 1028 3108 qnid
1045 3005 1314 3086 emendandum,
1340 3005 1456 3098 quid
1453 3005 1604 3106 retinen·

263 3121 349 3194 dum
374 3144 417 3192 ex
450 3123 660 3226 veteribus'
651 3125 837 3209 institutis,
862 3126 946 3223 quid
971 3125 1194 3228 novandum,
1220 3125 1279 3218 qui
1305 3123 1440 3199 creandi
1477 3123 1605 3227 magis·
1637 3141 1639 3148 ’

267 3216 402 3332 tra'tus,
427 3265 515 3351 quae
537 3245 685 3353 gerenda
723 3246 810 3316 ab
790 3269 830 3316 ns
869 3263 1048 3350 potestas,
1083 3267 1170 3350 quae
1207 3243 1361 3320 habenda
1400 3246 1489 3316 ratio
1529 3247 1604 3382 timp

268 3361 416 3454 populi,
445 3381 516 3432 turn
542 3385 681 3468 eorum,
706 3367 766 3461 qui
792 3383 932 3442 aetate
959 3364 1117 3462 diuitiis,
1144 3363 1355 3469 bonoribus
1392 3351 1529 3465 optimis
1568 3366 1605 3468 iq

158 3547 164 3560 ,
269 3481 520 3593 Rempubliearu
538 3463 694 3558 sensibus
717 3487 883 3578 rebusque
902 3485 1004 3584 gestis
1020 3486 1232 3590 eminebant,
1257 3486 1423 3588 sapienter
1440 3507 1523 3588 sane
1542 3505 1606 3578 pto

268 3620 462 3700 tempotum
486 3581 684 3676 conditione
706 3605 944 3709 praescripsit
971 3581 1055 3703 Cum
1099 3605 1299 3707 intelligeret
1336 3629 1418 3708 vero
1460 3627 1529 3678 rent
1570 3604 1608 3708 iq

270 3744 350 3826 curn
372 3721 545 3824 adduciam
567 3744 643 3830 esse
668 3703 801 3808 locunt,
827 3745 864 3794 ut
890 3695 1134 3799 consulendum
1158 3749 1323 3819 qnoque
1320 3745 1410 3800 esset
1427 3723 1611 3829 auclorita·

272 3841 303 3949 ti
329 3819 362 3912 ur
387 3843 560 3964 potentiae
585 3861 658 3950 ιιιιιι
681 3843 785 3954 ipsius
812 3845 1015 3952 Pontificis‚
1042 3863 1114 3918 tum
1138 3845 1214 3952 iulii
1238 3845 1452 3952 cardinalis,
1479 3865 1610 3935 propo·

270 3961 369 4048 suit,
403 3983 442 4043 ut
475 3937 649 4073 eligerent
671 3966 848 4086 sexaginta
872 3964 1024 4058 quinque
1050 3989 1156 4057 usque
1178 3968 1291 4049 viros,
1316 3986 1459 4066 quornm
1486 3959 1608 4034 virtuti

272 4085 309 4154 δι
335 4083 503 4164 amicitiae
526 4085 765 4165 confidebant,
803 4085 930 4179 quique
970 4083 1261 4186 quadragesimum
1293 4085 1448 4184 quintum
1487 4082 1610 4156 aetatis

276 4223 404 4310 aunum
420 4200 664 4312 complessent,
688 4221 965 4314 statueremque,
990 4221 1028 4272 ut
1053 4201 1088 4270 hi
1114 4201 1241 4302 binas
1232 4224 1266 4305 ιιι
1283 4219 1396 4306 partes
1419 4199 1613 4303 divideren-

277 4335 359 4400 tur,
385 4344 530 4412 quarum
555 4319 723 4413 quaelibet
748 4345 806 4410 per
832 4323 923 4392 vices
950 4329 982 4393 δι
1009 4323 1051 4428 ad
1076 4345 1200 4416 annum
1221 4343 1385 4424 summam
1412 4343 1521 4393 rerum
1539 4309 1608 4428 unq

278 4457 360 4552 curu
383 4437 579 4552 llexillisero
602 4441 756 4556 Justitiae
777 4441 1057 4555 administraret,
1083 4463 1120 4548 ut
1143 4463 1233 4551 esset
1267 4463 1406 4572 quoque
1434 4442 1611 4546 ducent92

967 4563 998 4634 T
1023 4587 1046 4637 a
