4386 5838
745 564 776 628 v
871 559 887 629 ι
1531 575 1548 630 ι

307 675 421 756 belli·
412 679 544 750 mitium
572 674 755 768 fecissent,
780 681 893 756 inlatis
929 567 1030 760 arulis
1065 683 1100 762 ln
1113 567 1211 762 Aloca
1244 682 1445 764 pontificiae
1478 575 1649 768 ditiostda

115 855 118 862 ·
207 866 212 888 ,
306 805 396 910 l'urn
421 823 616 874 convocato
627 801 854 878 Cerdmalmm
880 807 1049 904 collegio,
1072 825 1226 900 acceptas
1243 805 1382 900 iujurias
1405 801 1518 879 verbis
1541 824 1646 898 exag-

302 921 457 1014 seravit,
482 925 515 996 δι
542 921 679 1012 perinde
705 947 745 995 ac
770 925 800 995 si
826 924 1041 1018 integerrima
1063 948 1179 1002 essent
1205 926 1322 1004 omnia
1345 922 1400 998 vel
1426 923 1480 1004 ad
1495 943 1641 1018 pacem,

302 1041 363 1120 vel
385 1042 430 1114 ad
449 1040 594 1126 bellum,
618 1042 728 1116 nulla
739 1041 824 1136 pecli
847 1068 948 1120 antea
973 1048 1118 1122 foederis
1143 1043 1232 1120 satta
1266 1047 1455 1132 mentione,
1490 1063 1640 1120 senten·

304 1160 387 1234 tiam
412 1163 589 1253 proposuit
612 1163 654 1235 de
682 1165 851 1258 jungenda
884 1191 961 1240 curn
1000 1173 1146 1242 Caesare
1180 1166 1354 1249 amicitia,
1385 1165 1447 1259 qui
1479 1165 1546 1259 jam
1581 1179 1637 1236 tot

302 1283 403 1374 signis
428 1305 522 1353 suam
546 1285 581 1353 in
606 1287 794 1358 Romanam
816 1287 1004 1368 Ecclesiam
1036 1287 1270 1362 declaraverat
1294 1287 1528 1362 voluntatem.
1551 1284 1640 1358 Pau·

300 1401 349 1473 cie
375 1425 450 1496 eum
476 1421 567 1474 esset
591 1405 625 1476 in
650 1423 830 1498 utramque
855 1427 983 1497 partem
1007 1407 1122 1480 verbis
1163 1389 1374 1498 disputatum
1411 1385 1516 1490 (non
1546 1405 1639 1479 enine

281 1523 441 1597 deerant
463 1547 483 1596 e
508 1525 682 1611 Patribus,
708 1527 783 1618 qui
778 1526 848 1599 vel
873 1529 1005 1610 Gallis,
1028 1527 1082 1601 vel
1107 1528 1182 1620 paci
1207 1527 1411 1614 studebant)
1434 1547 1487 1596 res
1510 1547 1554 1623 eo
1576 1523 1640 1597 de·

296 1615 397 1726 dobin
421 1662 497 1731 est,
522 1663 561 1717 ut
587 1646 635 1718 rei
658 1646 814 1718 militaris
840 1649 941 1738 periti
965 1645 1069 1720 duces
1094 1667 1349 1734 evocarentur,
1382 1631 1509 1718 milites
1545 1667 1637 1717 con·

298 1764 546 1853 scriberentur,
572 1767 604 1832 δι
633 1763 777 1856 pecunia
801 1765 880 1838 belli
905 1790 1031 1839 nervus
1064 1787 1323 1860 corrogaretur.
1347 1768 1507 1860 Magnam
1530 1764 1634 1858 hujus

296 1885 365 1958 vim
390 1883 571 1978 collegerat
593 1887 684 1971 Leo,
709 1910 781 1958 non
817 1886 1085 1978 provincialibus
1117 1887 1272 1960 onerosis
1307 1887 1446 1960 tributis
1473 1887 1630 1972 vexatis,

294 2001 386 2078 ted
377 2005 537 2076 instituto
552 2029 644 2080 novo
662 2029 825 2101 equestrr
804 2008 946 2080 &ordine
963 2007 1196 2086 adnumerum
1213 2006 1511 2100 quadrigentorum
1527 2003 1627 2099 (74).

293 2125 452 2220 Equites,
468 2129 632 2216 coemptis
657 2129 794 2218 privato
818 2149 954 2221 sumptu
969 2132 1038 2224 ejus
1057 2130 1232 2222 dignitatis
1249 2128 1386 2207 officiis
1410 2148 1453 2198 ert
1475 2121 1629 2220 vectiga-

292 2245 382 2318 libus
406 2248 591 2340 quotannis
616 2269 780 2320 centenos
803 2271 925 2320 aureos
952 2249 1183 2338 accipiebant,
1212 2253 1246 2321 aa
1273 2247 1495 2322 immunitatis
1520 2269 1628 2336 pree

281 2366 448 2461 ,rogativa
461 2367 688 2462 juvabantur.
709 2367 848 2470 Addidit
871 2370 972 2443 etiarn
992 2367 1294 2454 cubiculariorum,
1318 2366 1627 2458 scutiferorumqne

279 2471 457 2581 [collegia.
476 2490 592 2563 officiis
617 2514 736 2564 eorum
759 2489 959 2576 venalibus,
984 2490 1027 2562 acl
1050 2511 1125 2564 eam
1159 2512 1253 2584 spem
1288 2487 1448 2563 uberrimi
1472 2487 1627 2570 censen,

156 2697 160 2704 ἡ
288 2603 392 2680 sicuti
415 2627 518 2686 antea
553 2610 657 2712 lulius
693 2613 732 2683 ll.
766 2611 876 2685 officia
909 2635 1064 2685 annonae
1106 2611 1369 2704 praesidentium
1404 2611 1625 2684 instituerat.
1684 2705 1695 2728 Ι

288 2729 488 2804 confidebat
512 2733 655 2834 maxime
680 2731 838 2804 Pontifex
862 2733 1006 2818 virtuti,
1046 2731 1246 2828 prudentiae
1281 2755 1320 2805 ac
1355 2729 1434 2804 fidei
1470 2730 1624 2822 Prosperi

286 2846 527 2938 Columnae,
517 2875 614 2956 isque
636 2851 795 2948 deligitur
819 2854 864 2928 ad
885 2877 1048 2926 summam
1071 2851 1150 2926 belli
1175 2829 1497 2934 administrandam,
1522 2865 1620 2941 post-

283 2991 388 3062 quam
412 2970 479 3064 jam
502 2973 627 3048 callida
661 2980 698 3049 ιι
727 2973 947 3092 frandulenta
981 2973 1172 3049 consilia
1162 2997 1198 3048 ιιι
1237 2967 1369 3047 irritum
1399 2971 1618 3046 ceciderant

283 3090 459 3181 Imperium
483 3092 587 3165 etiam
611 3071 706 3168 dedit
727 3096 901 3189 copiarum
935 3097 1188 3194 Pontificiarum
1226 3095 1397 3172 friderico
1435 3097 1619 3186 Gouzagte
1696 3111 1699 3118 '
1734 3167 1744 3186 x

280 3213 445 3288 Mantuae
468 3193 680 3304 Marchioni,
704 3217 764 3314 qui
786 3216 882 3290 venit
912 3242 988 3291 cum
1012 3217 1170 3295 ducentis
1190 3215 1379 3322 peditibus,
1401 3211 1617 3304 totidemque

278 3327 423 3408 levioris
449 3357 637 3434 armaturae
660 3339 857 3439 equitibus.
882 3338 1112 3436 Magni'euim
1146 3339 1311 3413 iuteresse
1344 3335 1486 3438 putabat
1518 3333 1618 3422 leo,

276 3480 357 3534 cum
381 3457 506 3538 bellum
530 3463 715 3562 gerendum
739 3483 829 3538 esset
851 3459 891 3536 in
914 3461 1089 3556 Cisalpina
1111 3461 1241 3547 Gailia,
1267 3456 1416 3530 dedere
1449 3452 1494 3558 ad
1515 3473 1614 3527 suam

241 3642 244 3649 -
276 3582 493 3662 voluntatem
517 3583 681 3657 Mantuae
704 3582 902 3674 dominum,
925 3605 1040 3684 queml
1054 3600 1241 3656 moverunt
1269 3577 1379 3674 ampla
1403 3574 1613 3676 praemia&

275 3704 467 3802 pmmisea,
490 3725 530 3780 ut
553 3722 665 3778 totum
688 3725 727 3778 se
751 3722 921 3780 averteret
949 3683 992 3778 ab
1024 3698 1201 3776 Gallorum
1242 3700 1412 3774 amicitia.
1448 3693 1611 3804 Meletius

272 3827 441 3921 babetur,
465 3851 558 3904 arma
577 3826 808 3919 imperantur,
833 3825 998 3918 meoniae
1021 3826 1056 3896 aa
1078 3821 1205 3903 milites
1227 3823 1261 3896 'a
1291 3817 1497 3899 Florentinis
1528 3814 1612 3895 exi-

271 3971 427 4050 guntur,
452 3945 591 4046 copiae,
616 3973 705 4046 quae
720 3966 818 4025 erant
842 3951 878 4027 in
903 3943 1130 4054 Neapolitano
1152 3931 1279 4044 regno,
1302 3957 1512 4016 evocantur.
1535 3929 1612 4006 Νι-Δ

271 4055 343 4172 que
365 4073 478 4150 defuit
501 4096 643 4150 externa
667 4072 806 4149 mssida.
830 4073 916 4148 Natu
935 4087 1076 4162 praesto
1101 4065 1195 4142 suere
1216 4065 1267 4140 bis
1292 4058 1398 4157 millia
1432 4055 1610 4148 Hispano·

269 4216 370 4284 rum,
394 4196 455 4288 qui
476 4191 691 4284 Adurnum
676 4219 718 4281 ιιι
742 4189 915 4279 inidicem
937 4187 1188 4284 expeditionem
1211 4185 1425 4256 Genneasem
1446 4172 1607 4251 comitati

70 4395 73 4405 ,
267 4313 447 4435 fuerant,
455 4333 615 4422 quatuor
627 4313 733 4402 aridia
755 4317 1028 4398 Germanorum,
1058 4303 1113 4382 bie
1136 4303 1239 4378 millia
1280 4301 1490 4394 Raethorute
1512 4289 1609 4402 pedb

167 4529 171 4536 .
264 4454 369 4532 Μ.
383 4437 518 4616 quibat
539 4435 766 4532 medabam
772 4431 920 4524 totidem
943 4419 1051 4509 millia
1071 4427 1304 4512 Helvetiorum
1334 4445 1383 4510 ιι
1406 4423 1477 4516 ιιι,
1512 4435 1660 4573 quoe

908 4557 948 4648 11
971 4577 997 4646 a
1137 4634 1138 4638 ι
