4472 5828
476 729 478 734 Ι
749 631 1172 712 ,’ν,Ι”Τ”Λ
1329 701 1347 734 ¹.
1603 643 1643 706 tr

346 744 387 832 lo'
406 759 610 838 iustiniauo,
638 777 737 848 quem
749 756 815 852 sui,
830 752 936 828 veluti
953 743 1364 841 alterum'institbtoretn,
1386 759 1528 826 loannes
1544 769 1626 826 vero
1651 755 1702 824 si's

349 878 419 948 cuti
447 876 596 964 alterum¹
613 873 1086 966 parentemvenerabantur.
1113 867 1214 972 rrae'cj
1232 875 1343 946 omnia
1368 876 1570 968 praebebant
1595 867 1692 946 fidu-¹

349 1000 434 1070 ciam
461 999 640 1070 Laurentio
665 999 764 1068 talem
790 993 946 1106 futurum
967 983 1159 1086 Ioannem,
1184 995 1316 1091 qualern
1343 996 1532 1090 'cognitum
1573 1013 1694 1066 onmes

348 1137 467 1208 postea
493 1119 707 1210 judicarunt.

444 1242 575 1308 Interea
601 1233 736 1328 tempus
758 1237 906 1320 advenit
912 1243 1018 1332 ,ἰιιιο
1044 1243 1113 1333 ipse
1141 1241 1353 1336 decorandus
1380 1259 1452 1310 erat
1490 1235 1691 1308 Cardinala·

345 1372 400 1432 'tus
409 1339 633 1458 insignibus.
659 1360 731 1426 Hac
757 1357 837 1429 de
823 1362 947 1445 caussa
971 1364 1111 1434 secessit
1136 1363 1171 1432 in
1195 1361 1423 1432 suburbanam
1448 1335 1482 1427 S:
1506 1357 1685 1428 Bartholo-

343 1503 428 1564 maer
419 1479 644 1564 Abbatiam,
660 1502 728 1570 quo
748 1503 939 1553 convenere
962 1484 1062 1554 etiam
1086 1483 1260 1574 Praesules
1286 1473 1403 1565 inulti,
1430 1459 1681 1566 nobilitatisque
1705 1472 1707 1476 ’

339 1593 427 1682 flos,
451 1583 607 1690 juvenem
631 1599 665 1666 in
691 1601 807 1671 urbem
833 1583 1010 1675 ded'dcruri
1034 1605 1113 1694 (5).
1148 1605 1236 1672 Tum
1260 1595 1295 1670 in
1328 1597 1446 1669 studiis
1489 1601 1523 1668 ὃ(
1558 1592 1710 1665 laetitie'

342 1715 541 1788 cuntlorum
570 1697 692 1791 ciuium
718 1739 815 1798 tanta
839 1723 1027 1793 'animorum
1054 1721 1225 1795 declarata
1249 1739 1301 1793 est
1327 1717 1514 1801 uoluntas,
1541 1733 1578 1786 ut
1613 1737 1680 1784 au

340 1837 428 1908 nisse
456 1841 651 1931 dignitatem
677 1841 899 1912 viderentur.
924 1843 1050 1913 Adiit'
1041 1867 1112 1931 ipso
1138 1844 1282 1930 primum
1321 1837 1498 1949 Templum
1538 1833 1681 1924 Virginis

340 1961 380 2032 ab
406 1937 534 2049 Angelo
561 1959 757 2046 Salutatae,
782 1984 860 2030 mox
885 1964 919 2031 in
944 1951 1078 2032 Citriarn
1106 1965 1199 2034 venit
1223 1939 1456 2067 vexilliferum
1483 1961 1516 2028 St
1548 1956 1678 2025 Priores

337 2077 574 2166 salutaturus,
608 2075 687 2155 inde
702 2073 848 2184 domum
874 2081 990 2150 rediit.
1017 2057 1170 2151 Miratus
1202 2101 1299 2158 sum.
1325 2081 1370 2146 ait
1395 2080 1513 2146 Pet'rus
1539 2073 1681 2164 Delphi·

337 2197 433 2283 nius,
460 2199 518 2292 qui
544 2193 578 2267 in
603 2199 770 2316 comitatu
795 2215 869 2271 erat
894 2190 1149 2328 cardinalis,
1139 2225 1174 2272 m
1212 2199 1292 2271 dac
1309 2215 1347 2269 re
1378 2199 1571 2308 conceptum
1593 2203 1684 2289 gau·
1720 2211 1723 2218 ’

335 2318 452 2405 diurn,
487 2321 575 2416 quod
594 2343 678 2415 prae
703 2345 739 2394 se
763 2315 840 2392 tulit
865 2319 1006 2408 civitat,
1030 2309 1109 2416 qbiu
1125 2319 1303 2392 nimboso
1316 2318 1441 2404 caelo,
1458 2338 1497 2388 dc
1518 2331 1683 2412 perpetuu

247 2535 251 2538 -
334 2443 509 2512 comitante
532 2463 594 2510 nos
609 2441 761 2535 pluvia,
787 2441 907 2538 ubique
927 2457 997 2536 per
1021 2443 1113 2512 vitm
1127 2439 1169 2512 6
1190 2431 1324 2534 pluteus
1358 2440 1440 2512 adeo
1463 2439 1550 2536 'qsre
1553 2439 1683 2510 uentis·

333 2563 418 2632 rima
432 2549 672 2662 ‚effundebatur
695 2565 843 2658 virorum
874 2559 906 2638 δ’
933 2561 1104 2635 mulierum
1124 2559 1314 2684 multitudo,
1338 2577 1379 2631 ut
1401 2541 1461 2632 virt
1479 2557 1680 2655 pertransiri

324 2697 463 2780 posset.
490 2683 630 2760 Postero
656 2682 727 2768 die,
752 2685 815 2778 qui
837 2680 900 2762 suit
928 2700 966 2754 v
992 2683 1042 2754 ld.
1069 2675 1261 2753 Martiian.
1289 2679 1674 2753 neccommittam

332 2799 482 2904 principe
506 2803 601 2878 urbis
604 2801 755 2910 templo.
781 2826 880 2874 sacro
917 2801 1049 2890 adfuit,
1075 2803 1199 2914 quod
1191 2820 1239 2874 ιιι
1264 2799 1440 2906 peradlu'm
1465 2819 1537 2887 est,
1555 2822 1628 2869 ac
1649 2800 1678 2870 si

330 2921 487 3022 Strmmus
513 2901 670 2989 Pontifex
689 2923 839 2992 adesset
864 2904 1048 2994 Postridie'
1041 2941 1103 2993 tter
1124 2905 1265 2994 Roriam
1284 2945 1400 2994 tersus
1417 2921 1588 3010 ingressus
1610 2932 1674 3003 est,

329 3057 452 3128 magna
479 3015 651 3110 hominum
676 3039 901 3132 frequentia'
893 3047 1002 3144 rps'um
1029 3041 1213 3145 eomitante
1240 3044 1282 3113 ad
1318 3038 1418 3114 duo
1430 3041 1538 3131 usque
1572 3021 1676 3108 millia

329 3171 509 3246 passurum.
536 3159 714 3230 Adventus
750 3166 820 3254 eius
849 3180 977 3264 atque
970 3159 1137 3232 introitus
1174 3163 1209 3230 in
1240 3163 1355 3232 urbem
1393 3157 1583 3232 Senatum
1599 3157 1675 3227 t'alis

329 3273 413 3363 suit,
440 3296 479 3347 ut
504 3279 625 3372 majori
647 3278 778 3351 laetitia
803 3283 966 3353 celebrari
991 3279 1126 3353 minime
1165 3283 1331 3370 potuerit.
1367 3279 1420 3350 Ad
1457 3279 1579 3349 Urbem
1617 3299 1677 3350 vc·

329 3419 368 3466 ro
412 3398 606 3484 accedenti,
649 3417 830 3490 postquam
856 3399 977 3472 Sabate
1003 3401 1248 3480 :Ursiniorum
1273 3401 1432 3490 oppidum
1469 3399 1674 3480 diverterat,

328 3532 436 3593 totam
462 3513 532 3588 sere
558 3517 691 3590 obviam
719 3521 890 3594 civitatem
916 3500 1105 3610 procesisse
1142 3519 1308 3605 dixisses,
1333 3521 1417 3590 adeo
1456 3517 1606 3590 omnium
1634 3523 1676 3582 d·

328 3635 437 3705 nimos
463 3653 742 3726 occupaverant,
759 3663 849 3732 quae
871 3641 956 3711 de
947 3663 1021 3731 ipso
1055 3663 1195 3730 prorsus
1229 3641 1313 3710 mira
1334 3637 1589 3718 narrabantur(
1608 3635 1674 3706 Se·

323 3757 427 3828 cessit
458 3777 537 3830 cum
567 3763 683 3849 paucis
712 3761 747 3831 in
774 3762 1034 3874 monasterium,
1062 3760 1154 3852 quod
1183 3763 1214 3829 S.
1246 3759 1411 3832 Mariae
1402 3753 1439 3833 tri
1461 3757 1593 3846 Populo
1624 3753 1674 3825 di·

316 3878 437 3966 citur,
474 3901 543 3974 quo
574 3903 672 3952 ruane
703 3881 912 3973 insequentis
924 3875 1017 3953 diei
1050 3896 1286 3953 convenerunt
1312 3873 1518 3951 cardinales
1552 3889 1671 3948 omn'es

321 3993 416 4071 illurn
455 3999 498 4068 ad
529 4001 704 4071 Summum
729 3999 925 4074 Pontificem
950 3999 1125 4074 dedudluri
1153 3995 1234 4094 (6.)
1270 4001 1369 4092 Quae
1398 4016 1471 4068 tum
1504 3995 1568 4070 tuit
1595 4017 1673 4087 gra·

323 4117 469 4190 tulatio!
507 4139 654 4210 quantae
690 4119 955 4218 significationes
990 4118 1247 4194 benevolentiae
1286 4117 1460 4192 Pontificis
1496 4117 1601 4210 ipsius
1632 4115 1672 4196 ln

318 4218 634 4338 adolescentulum!
660 4240 816 4311 Aetatem
840 4261 912 4312 non
941 4241 1123 4327 minuisse,
1154 4240 1214 4312 sed
1254 4238 1391 4314 auxisse
1420 4239 1533 4328 potius
1561 4235 1669 4334 digni·

323 4374 429 4429 tatem
455 4357 617 4446 dixisses,
649 4381 726 4448 cum
763 4363 804 4432 ab
836 4385 878 4432 eo
913 4357 1066 4453 religioni
1089 4359 1222 4446 dedito,
1250 4357 1578 4438 rerum-divinarum
1612 4361 1670 4432 ια’·
1705 4365 1707 4370 ’

320 4473 370 4550 tit
396 4463 527 4568 perito,
557 4479 704 4558 moribus
737 4477 989 4578 integerrimis,
1027 4503 1144 4561 ornnes
1185 4480 1328 4578 benigne
1349 4475 1567 4574 alloquente,
1595 4475 1669 4555 tne-

963 4605 989 4678 Β
1014 4627 1033 4682 a
1070 4652 1074 4660 ,
1311 4597 1313 4603 ’
1696 4603 1699 4612 ‘
