4392 5838
542 701 610 774 pon

514 832 531 872 .-
566 795 599 854 in
620 793 697 855 calce
716 793 786 855 edit.
808 793 1031 879 Bombergianae
1051 791 1211 858 Bibliorum
1233 791 1367 855 laudatae
1387 791 1523 854 editionis
1545 790 1639 854 edidit
1660 793 1825 877 catalogum

568 898 725 958 lediionum
748 897 939 966 variantium,
959 896 1062 979 quibus
1083 896 1183 959 iudaei
1205 897 1406 960 Orientales&
1429 896 1632 958 occidentales
1642 896 1824 980 distinguun-

569 1017 636 1060 tur.
718 1001 836 1062 Librum
857 1000 923 1060 lobi
943 1007 972 1061 lc
992 999 1060 1060 alios
1081 999 1222 1082 quosdam
1243 999 1368 1060 Biblicos
1390 999 1517 1060 eundem
1543 998 1743 1066 transtulisse,
1764 1013 1826 1058 tan·
1858 1079 1862 1088 1

572 1105 695 1184 demque
716 1100 775 1164 fere
797 1105 994 1164 centenarium
1021 1105 1131 1163 Romae
1167 1121 1251 1178 1539·
1284 1126 1309 1178 5.
1340 1103 1514 1166 Novembris
1546 1101 1650 1163 obiisse
1678 1101 1758 1160 testis
1780 1119 1824 1161 est

541 1209 546 1219 '
573 1206 682 1288 Philip.
703 1208 810 1268 Elasius
829 1209 862 1267 in
885 1207 1096 1269 Encomiastito
1112 1205 1327 1290 Augustinieno
1343 1227 1408 1288 pag.
1432 1225 1500 1279 192.
1520 1207 1640 1266 Erravit
1655 1219 1728 1266 certe
1746 1205 1828 1267 Wol-

565 1311 623 1388 flur
645 1331 771 1372 asserens
795 1311 921 1386 Felicem
942 1333 989 1372 aa.
1011 1321 1098 1386 1518.
1118 1332 1155 1372 ex
1175 1311 1304 1370 Iudaicis
1327 1310 1356 1367 in
1378 1309 1542 1370 Catholicae
1562 1309 1709 1370 Ecclesiae
1728 1325 1820 1369 castra

575 1417 744 1476 transiicie.
765 1417 841 1476 Narn
862 1418 922 1496 ejus
944 1417 1082 1480 Psaltert'i
1103 1415 1208 1474 batista
1230 1415 1320 1474 versio
1341 1415 1418 1474 edita
1438 1434 1487 1472 aa.
1520 1433 1606 1491 15¹5·
1637 1414 1722 1473 habet
1753 1413 1824 1472 hunc

576 1521 708 1579 titulum:
730 1518 899 1578 Psalrerium
922 1538 958 1584 ex
980 1517 1109 1580 Hebraeo
1129 1517 1349 1600 diligentissime
1371 1519 1407 1580 ad
1428 1518 1548 1580 uerbum
1564 1515 1628 1578 fere
1639 1516 1828 1585 translatum,
1858 1507 1859 1511 ¹

574 1619 661 1681 fratre
682 1622 776 1682 Felice
795 1620 918 1682 Ordinis
938 1621 1152 1682 Heremitarum
1180 1625 1208 1682 S.
1229 1622 1386 1704 Augustini
1407 1623 1562 1705 interprete
1593 1641 1643 1702 per
1673 1622 1825 1680 Summum
1932 1617 1936 1624 ’

575 1723 746 1784 Pontificem
769 1728 897 1788 Leonem
920 1728 960 1784 X.
980 1724 1194 1808 approbatum.
1219 1725 1260 1783 Ut
1282 1727 1393 1786 audiuit
1413 1727 1470 1786 beo
1498 1748 1565 1804 opus
1598 1715 1754 1807 huiusmodi
1783 1743 1827 1782 srr·

574 1831 693 1908 sbrpisse
713 1829 826 1887 hortatu
848 1829 1009 1890 Carbinalir
1029 1828 1060 1888 S.
1081 1831 1203 1898 Crucis,
1223 1842 1372 1904 antequam
1393 1831 1469 1891 illud
1495 1833 1642 1896 ederetur,
1672 1827 1759 1908 iussit
1795 1826 1828 1884 de

576 1931 737 2006 interpretis
756 1933 861 2007 peritia
879 1933 1014 2012 itabirium
1028 1933 1119 2012 fieri.
1139 1934 1256 1992 Fabiam
1279 1953 1316 1994 ex
1336 1935 1488 1999 sententia,
1507 1951 1559 2008 per
1594 1931 1711 1990 Petram
1743 1925 1828 1984 Bem-

579 2032 643 2093 bum
664 2034 814 2094 eonsilium
834 2035 985 2118 laudauit,
1007 2038 1189 2112 stimulosque
1208 2038 1334 2106 abdidit,
1356 2051 1387 2094 ut
1406 2037 1479 2096 iciem
1500 2055 1567 2110 opus
1590 2036 1619 2092 in
1640 2035 1727 2091 lucem
1750 2031 1829 2090 emit·

574 2152 681 2200 teretur
696 2175 702 2189 ·
719 2139 838 2198 Iacobus
859 2137 886 2197 le
907 2139 989 2222 hong
1015 2137 1048 2200 iu
1069 2137 1248 2200 Bibliotheca
1270 2159 1346 2200 sacra
1375 2141 1420 2201 ait
1438 2139 1520 2200 illuns
1553 2156 1570 2197 e
1601 2137 1660 2199 uita
1694 2135 1830 2210 migrasse

576 2260 624 2300 an.
648 2258 735 2316 ¹159·

495 2347 582 2426 (too)
605 2345 697 2404 Tanta
719 2359 781 2408 erat
799 2346 899 2426 opinio
919 2343 1029 2410 nonae
1050 2347 1195 2409 Foliettae
1213 2334 1437 2424 prudentiae&
1458 2344 1631 2422 integritatis
1648 2385 1657 2412 ,
1677 2356 1733 2410 ut,
1762 2353 1831 2401 reste

575 2449 712 2512 Galeatio
732 2450 927 2522 Florimonte,
944 2474 1025 2530 quem
1048 2453 1182 2514 Catonem
1211 2469 1278 2510 suae
1298 2450 1403 2510 aetatis
1430 2449 1626 2527 appellasses,
1652 2449 1748 2508 omnia
1768 2448 1829 2526 ejus

576 2554 866 2630 aranmanoth
886 2557 1069 2618 haberentur.
1090 2555 1202 2616 Misere
1222 2557 1248 2614 is
1268 2553 1390 2615 obiitin
1415 2553 1501 2614 Urbis
1515 2555 1692 2629 direptione,
1714 2553 1827 2631 ejusque

573 2670 689 2716 mortem
709 2659 876 2718 torminibus
891 2655 994 2742 flevere
1014 2651 1192 2722 temtus&
1217 2639 1394 2720 Thebalberrs
1412 2698 1421 2716 .
1440 2659 1534 2718 Extat
1565 2658 1650 2718 etiam
1680 2655 1741 2736 cius
1773 2653 1829 2715 elo·

560 2760 650 2837 ¹pium
671 2759 708 2817 ab
732 2760 837 2820 ilberto
858 2760 986 2822 Foliettb
1006 2761 1086 2822 illius
1103 2759 1206 2838 fratris
1220 2749 1290 2843 ¹pilio
1311 2765 1491 2842 conscriptum
1521 2763 1594 2824 inter
1618 2760 1715 2838 elogia
1737 2759 1827 2838 Ligu·

577 2881 637 2924 mem
658 2863 808 2926 illustrium
827 2885 856 2948 p.
879 2875 962 2928 226..

493 2961 580 3046 (tor)
600 2969 651 3030 Ex
664 2967 710 3030 his
729 2969 847 3056 Basilio
869 2971 961 3048 inpio
982 2971 1128 3032 Monasho
1155 2969 1362 3038 Cisterciensi,
1383 2967 1510 3030 Antonio
1532 2967 1673 3031 Dulciato
1705 2989 1743 3030 err
1770 2965 1831 3028 Aa.

445 3091 452 3098 ·
570 3073 794 3150 eusrtntanoram
810 3073 950 3152 familia,
973 3066 1008 3138 (θ’
1027 3076 1137 3136 cuidam
1160 3075 1275 3154 Raggio
1294 3115 1304 3145 ,
1324 3077 1373 3153 qui
1394 3095 1487 3136 omnes
1519 3073 1685 3136 Florentiae
1713 3073 1768 3134 orti
1799 3090 1829 3132 e.

572 3191 657 3244 rant,
677 3177 807 3238 nonnihil
824 3177 954 3240 tribuisse
973 3181 1107 3252 videtur.
1133 3179 1186 3238 Uti
1204 3181 1372 3254 praesertim
1394 3178 1581 3244 meditabatur
1599 3177 1659 3238 beo
1673 3176 1830 3256 astrologo.

572 3300 633 3340 rum
653 3299 737 3358 opera
757 3281 797 3340 ab
815 3283 1014 3344 emendandum
1036 3280 1263 3352 Kalsnbarium,
1283 3297 1315 3342 ut
1336 3285 1389 3344 rite
1410 3281 1524 3345 Pascha
1544 3281 1750 3350 celebraretur,
1774 3300 1831 3358 qua

579 3382 614 3444 rie
636 3404 664 3445 re
683 3389 710 3446 ei
731 3385 832 3443 obtulit
846 3385 974 3445 volumen
994 3386 1117 3446 Ioannes
1137 3405 1156 3444 a
1178 3386 1282 3448 Monte
1303 3388 1421 3464 Regio,
1450 3387 1525 3467 nnius
1559 3405 1689 3462 magmrm
1716 3385 1827 3445 eratin

516 3537 521 3549 .
577 3485 742 3566 Astrologis
763 3510 858 3550 nomen
873 3530 888 3548 .-
903 3491 995 3550 Extat
1014 3491 1100 3552 etiam
1120 3492 1152 3552 in
1168 3489 1361 3550 Laurentiano
1383 3488 1564 3550 Bibliotheca
1584 3487 1659 3552 eod.
1681 3490 1723 3550 11.
1751 3487 1829 3548 Plut.

581 3609 633 3661 29·
654 3589 789 3652 Dulcinti
809 3613 876 3670 opus
898 3597 931 3655 be
950 3596 1115 3668 correbtione
1136 3593 1312 3654 Kalenbarii
1332 3597 1371 3656 ab
1393 3592 1514 3655 leonem
1535 3635 1541 3650 .
1566 3593 1696 3670 uagatus
1719 3593 1834 3656 neraei.

579 3695 641 3760 bem
664 3693 767 3754 obtulit
787 3695 953 3760 Trablatum
975 3695 1201 3780 astrologicam,
1222 3687 1258 3761 6·
1278 3697 1324 3760 hic
1343 3716 1452 3776 quoque
1472 3697 1547 3759 liber
1564 3710 1644 3758 extat
1664 3699 1694 3758 in
1715 3695 1837 3757 Lauren-

576 3799 659 3856 tiana
680 3795 845 3858 bibliotheca
867 3793 941 3858 cod.
965 3817 1012 3864 aa.
1033 3799 1110 3860 Plut.
1135 3821 1180 3877 30.
1202 3800 1252 3862 Ab
1277 3821 1319 3862 ree
1336 3801 1521 3878 astrologicae
1545 3801 1641 3876 referri
1661 3819 1768 3876 quoqne
1779 3820 1834 3876 po·

578 3915 635 3962 test
653 3901 774 3962 loannis
795 3903 915 3962 Gemisti
931 3902 1051 3965 bominis
1068 3901 1186 3974 certet.
1203 3895 1240 3968 ὁ*
1257 3907 1603 3983 caeterorummetum
1619 3905 1761 3982 appellet,
1776 3903 1835 3962 Aa·
1873 3913 1874 3916 ’

578 4006 704 4068 sonitani
725 4004 947 4088 Protrepticon,
968 4011 996 4066 bt
1018 4007 1230 4091 Prognosticon
1253 4009 1270 4088 (
1281 4012 1320 4071 sic
1343 4030 1413 4086 opus
1444 4007 1633 4086 inscribitur)
1664 4010 1739 4084 quob
1766 4028 1835 4084 opus

454 4097 462 4113 ⁸
524 4136 526 4142 r
577 4110 702 4170 versibus
721 4111 871 4172 exametris
894 4111 1024 4188 scriptum
1044 4111 1134 4184 Leoni
1160 4116 1346 4192 canaparia:
1372 4117 1465 4182 Extat
1484 4115 1518 4174 in
1533 4112 1613 4174 blut.
1633 4132 1680 4184 ³4·
1700 4108 1773 4171 eod.
1788 4130 1837 4183 57·

574 4211 723 4272 Neminem
735 4212 799 4287 fere
819 4215 856 4273 iis
878 4215 1049 4292 temporibus
1071 4218 1239 4288 invenisses,
1261 4220 1311 4293 qui
1333 4219 1519 4295 noncupata
1552 4218 1686 4280 tribueret
1714 4213 1834 4274 astrolo-

554 4315 664 4392 ¹piae.
684 4315 831 4398 Majorem
852 4330 927 4376 serre
947 4315 1058 4380 laubem
1079 4321 1109 4378 in
1129 4339 1164 4382 eo
1191 4325 1361 4396 promeritus
1386 4337 1429 4384 est
1457 4323 1540 4388 Lea,
1563 4339 1623 4380 euru
1643 4319 1834 4394 prospexisset

577 4413 834 4489 mathematicorum
862 4439 950 4480 rerum
972 4423 1105 4482 studiosis
1124 4443 1177 4500 per
1197 4425 1302 4492 Lucam
1325 4427 1500 4490 Puasislinar
1522 4425 1692 4500 Burgeasenr
1725 4440 1741 4480 e
1771 4419 1834 4478 hst-

579 4520 731 4580 naritarrnn
749 4521 888 4597 familia,
911 4545 992 4602 quem
1013 4527 1143 4589 ttonnno
1157 4526 1398 4606 Archigymnesia
1420 4549 1480 4592 tum
1501 4528 1638 4605 stipendio
1652 4525 1833 4584 Floreaorunr

577 4619 674 4686 CXX»
693 4626 829 4687 oblinit.
850 4629 908 4709 Qui
929 4645 1110 4710 quantusque
1132 4631 1177 4694 nir
1195 4630 1247 4694 ille
1264 4631 1375 4710 suerit,
1390 4646 1575 4715 quantumque
1596 4629 1644 4692 illi
1665 4627 1761 4692 behem
1777 4624 1833 4685 At-
