4386 5838
632 675 682 750 90
1021 659 1047 728 L
1095 653 1124 730 li
1173 657 1205 728 o
1247 654 1284 730 'tt
1334 660 1347 728 1
1397 656 1419 724 s
1475 647 1532 744 px.
2072 757 2076 762 .
2183 721 2184 758 ἶ

581 785 663 881 qnia
683 779 768 852 nibil
794 771 929 850 adt-erni
954 799 996 849 er
1019 793 1063 848 ea
1086 797 1183 868 parte
1207 779 1465 872 suspicabatur,
1491 769 1733 868 profeuionen
1759 768 1923 864 patabat,

579 923 619 974 nt
642 927 679 972 se
705 903 858 996 jungeret
885 899 1079 984 Helvetiis,
1107 901 1167 992 qui
1190 923 1249 974 eas
1273 900 1347 972 vias
1364 897 1667 982 intercludebant,
1692 918 1752 989 per
1766 909 1852 990 quae
1867 907 1927 982 pa·

579 1023 686 1094 refieri
708 1043 808 1111 posse
832 1013 941 1092 Gallis
967 1021 1080 1092 aditus
1103 1021 1138 1092 ira
1160 1017 1291 1092 ltaliam
1315 1021 1500 1114 putabatur
1514 1067 1525 1089 .
1539 1022 1635 1091 cum
1658 1037 1701 1090 eo
1726 1035 1848 1108 captus
1871 1021 1937 1086 est*

582 1143 700 1214 Petrus
726 1145 910 1233 Marganus
936 1141 1137 1227 Romanus,
1163 1161 1354 1234 magnaque
1380 1161 1457 1231 pars
1494 1137 1671 1228 militum,
1705 1141 1829 1234 quibus
1867 1139 1929 1210 im·

583 1265 772 1356 petebant,
796 1262 917 1334 ceteris
944 1259 980 1331 in
1006 1260 1120 1354 lugam
1142 1261 1340 1333 conversis.
1366 1263 1440 1331 llac
1463 1285 1499 1333 re
1525 1261 1642 1334 audita
1678 1283 1698 1332 a
1734 1260 1928 1339 Pontifices

583 1383 644 1472 qui
669 1405 782 1454 mense
806 1401 885 1454 ante
909 1402 1044 1453 secreto
1070 1381 1191 1454 foedus
1221 1383 1392 1476 pepigerat
1431 1404 1510 1453 curn
1544 1385 1718 1464 Caesare,
1749 1381 1932 1472 Hispania·

581 1525 660 1573 ιιιιιι
683 1507 802 1596 Rege,
826 1509 861 1576 δι
895 1499 1200 1574 Mediolanensiurn
1226 1503 1347 1588 Duce,
1385 1525 1497 1592 eaque
1532 1521 1670 1596 propter
1708 1502 1929 1574 mandaverat

583 1622 767 1694 Laurentio
792 1622 943 1695 Mediceo
966 1621 1071 1710 (naar
1095 1623 1245 1696 lulianus
1271 1619 1376 1714 longa
1400 1624 1432 1688 dc
1457 1621 1651 1713 periculosa
1675 1621 1760 1696 febri
1793 1622 1828 1694 in
1854 1625 1929 1714 ipso

581 1739 706 1814 itinere
730 1759 907 1834 correptus
933 1742 1078 1834 iuerat)
1102 1761 1141 1816 ut
1163 1744 1283 1836 copias
1300 1761 1382 1812 suas
1406 1742 1442 1812 ira
1467 1739 1672 1832 Cisalpinam
1695 1739 1843 1825 Gelliam
1868 1741 1932 1814 de·

582 1860 745 1948 duceret,
770 1861 834 1934 sibi
858 1863 975 1934 timere
998 1864 1135 1954 eoepit,
1159 1867 1194 1934 br
1216 1883 1287 1932 non
1310 1862 1514 1936 mediocrem
1528 1862 1595 1936 sibi
1611 1859 1824 1955 diligentiam
1839 1861 1934 1934 adbi·

583 1981 942 2067 bendamiutellexit,
967 2005 1011 2055 nn
1037 1981 1215 2058 Gallorum
1238 1981 1323 2054 iram
1348 1981 1383 2052 in
1407 2003 1444 2054 se
1469 2003 1620 2078 suosque
1646 1981 1864 2056 concitaret.
1896 1983 1931 2058 Si

585 2123 686 2172 aures
711 2103 922 2193 praebuisset
938 2102 1079 2176 Dovitio
1095 2101 1287 2189 Cardinali,
1314 2102 1422 2175 tutius
1443 2103 1673 2177 existimasset
1692 2101 1831 2176 reddere
1847 2102 1932 2176 Beer.

584 2221 698 2292 tirolis
723 2227 765 2296 δι’
781 2225 956 2298 Ferrariae
979 2226 1091 2312 Duci,
1115 2243 1204 2318 quae
1227 2219 1333 2297 lulius
1358 2227 1399 2298 11.
1423 2223 1464 2296 iis
1488 2223 1679 2310 ademerat,
1715 2247 1759 2298 ne
1787 2245 1932 2326 augere·

585 2345 643 2414 t'ur
663 2322 881 2418 inimicorum
905 2363 1093 2431 numerus,
1116 2343 1178 2416 sed
1209 2343 1343 2418 obstitit
1376 2346 1552 2420 Mediceus
1577 2343 1796 2434 cardinalis,
1831 2369 1930 2441 quent

492 2545 495 2552 Δ
583 2461 701 2556 paullo
725 2481 804 2536 ante
828 2462 1003 2536 Bononiae
1026 2465 1189 2559 legatum
1211 2483 1415 2556 vcreaverat,
1439 2468 1498 2539 cni
1523 2483 1696 2558 praestare
1732 2465 1846 2542 visunt
1878 2487 1934 2554 est

583 2603 705 2656 omnes
727 2581 945 2657 difficultates
969 2584 1129 2678 perpeti,
1151 2603 1280 2680 quarn,
1305 2603 1403 2660 tanta
1425 2586 1567 2662 infamia
1591 2607 1761 2679 accepta,
1782 2589 1933 2662 omniura

584 2723 728 2781 ιιιιιιιιιιι
752 2701 954 2782 voluntates
988 2705 1171 2780 alienare..
1184 2705 1328 2779 Etiamsi
1351 2707 1463 2782 bonor
1483 2723 1600 2782 noster
1617 2707 1716 2782 nobis
1737 2707 1844 2780 uilior
1874 2691 1949 2782 trs-¹

586 2841 642 2900 aet
661 2824 729 2915 (in
749 2825 836 2900 baec
856 2825 962 2899 verba
983 2824 1116 2899 litteras
1146 2825 1196 2900 ad
1226 2825 1422 2902 Pontificem
1445 2829 1625 2922 scripsisse
1658 2821 1813 2925 dicitur)
1837 2828 1934 2905 solu·

588 2965 656 3022 rem
678 2961 768 3026 eene
790 2947 925 3020 eborata
943 2948 1098 3040 serarum
1117 2965 1204 3045 prun
1226 2964 1276 3023 tot
1296 2947 1458 3023 tandilirtrn
1474 2946 1810 3050 fidelissimorumque
1831 2953 1937 3026 Itoni·

587 3087 692 3156 ιιιιιιι,
709 3069 777 3166 pal
800 3064 914 3142 omnin
939 3091 1001 3142 sato
1024 3071 1237 3144 ἀυουιιιιιιι
1263 3069 1419 3142 Romano
1442 3066 1631 3164 Pontiici,
1657 3088 1697 3143 ιιι
1713 3075 1862 3168 ponium
1884 3089 1936 3172 ry·

535 3247 538 3254 .
590 3186 1032 3264 mediterraneum
1054 3186 1215 3264 Vercellis
1239 3189 1441 3264 Franciscns
1462 3193 1558 3282 llea,
1581 3191 1720 3287 qnando
1761 3214 1782 3264 a
1804 3191 1939 3266 Saban-

591 3307 669 3379 diae
706 3311 806 3383 Duce
835 3311 978 3402 primunr
1016 3309 1152 3383 audivit
1185 3311 1228 3384 de
1267 3311 1406 3386 foedere
1438 3312 1528 3386 inito
1562 3333 1584 3386 a
1615 3309 1806 3401 pontifice,
1827 3311 1941 3406 deqne

591 3429 714 3502 'studiis
740 3430 782 3503 ab
802 3452 846 3505 eo
869 3453 929 3525 per
951 3433 1106 3506 Marcum
1129 3433 1358 3508 sedunensem
1382 3430 1597 3506 Cardinelero
1622 3432 1784 3506 adhibitis
1818 3433 1862 3506 ad
1886 3432 1943 3506 in·

591 3546 815 3624 flammandos
839 3551 944 3645 magis
967 3551 1139 3648 magisque
1171 3569 1296 3628 eontra
1333 3555 1372 3628 'ae
1405 3551 1616 3642 Helvetios,
1652 3535 1748 3650 quod
1783 3553 1943 3648 quartaria

592 3657 871 3745 molestissimum
884 3670 947 3746 *illi
970 3670 1131 3748 acciderit
1150 3719 1162 3757 .
1181 3671 1293 3748 edidis
1318 3689 1432 3749 tanen
1447 3675 1598 3760 'vetuit,
1635 3697 1681 3750 ne
1718 3675 1795 3770 qnia
1833 3673 1948 3748 detri-
2033 3715 2037 3720 -

594 3813 772 3882 arentum,
797 3815 858 3868 aut
883 3793 1041 3890 injuriam
1062 3793 1182 3872 afferre
1206 3789 1350 3870 auderet
1382 3795 1522 3870 urbibus
1549 3815 1652 3890 atque
1677 3795 1832 3888 oppidis,
1856 3807 1948 3888 qnae

595 3910 632 3986 in
658 3910 750 3987 illius
774 3913 906 3989 ditione
928 3929 1051 4004 erant,
1076 3935 1216 4008 speram
1240 3937 1303 3992 aut
1334 3912 1543 4002 beneiadlia,
1566 3933 1631 3988 ant
1654 3912 1807 4008 periculo
1832 3931 1948 3986 rernm

581 4045 734 4106 suarum
759 4035 871 4126 ipsum
891 4034 934 4110 ed
958 4036 1156 4109 munandans
1179 4035 1280 4109 fidem
1302 4035 1397 4111 trabi
1418 4057 1543 4130 posse.
1565 4033 1771 4114 mnemia
1784 4049 1949 4126 prospere

596 4149 705 4226 Gallis
718 4156 970 4246 succedebant,
985 4175 1156 4251 captaque
1170 4153 1378 4231 Alexandria
1390 4153 1703 4230 Statiellensium&
1715 4153 1950 4235 'licinum

595 4285 745 4366 'pugnarn
770 4277 1018 4351 commisissent
1036 4276 1081 4350 ad
1105 4275 1336 4352 Marinianurn
1355 4275 1569 4382 ,incredibili
1589 4275 1741 4358 virtute,
1766 4295 1809 4344 ae
1828 4269 1949 4342 moltis

598 4395 745 4483 acceptis
769 4392 989 4483 vulneribus,
1003 4397 1179 4472 Helvetios
1194 4383 1425 4501 superarunt‘ss
1449 4397 1634 4490 Nunquam
1651 4391 1772 4486 majori
1798 4407 1949 4461 eonten-

528 4597 532 4600 ,
583 4509 696 4583 »lione
721 4535 760 4586 ac
785 4511 915 4592 ferocia
938 4537 1132 4616 pugnaturn
1145 4535 1207 4594 ‘eet
1221 4569 1233 4612 ,
1246 4515 1546 4614 ‘inclinantemque
1576 4511 1747 4610 principio
1768 4509 1946 4586 fortunam
