4386 5838
421 659 426 687 t
672 623 702 688 V
797 626 811 694 1
910 625 941 694 T
973 667 977 676 ·
1040 621 1068 693 Α
1463 643 1529 718 aaz

250 737 377 836 legerat
399 742 552 814 homines
575 743 724 828 virtute,
745 742 921 829 dodrina,
948 743 1188 838 nobilitateque
1208 727 1429 827 clarissimos,
1457 743 1577 834 quibus

253 867 424 944 Romanae
462 865 558 935 aulae
592 865 719 946 decus,
761 870 794 935 er
832 867 1061 938 Mediceorum
1099 855 1246 938 familiae
1273 867 1444 938 fortunam
1474 867 1577 956 magis
1667 893 1669 898 ’

252 986 425 1080 magisque
452 987 663 1056 confirmaret
691 963 788 1076 atque
814 1005 973 1076 augeret.
999 987 1142 1077 Epulum
1168 989 1201 1056 in
1234 989 1406 1058 Vaticanis
1444 964 1609 1076 portici·¹

193 1125 196 1130 “
251 1108 315 1186 bus
340 1109 437 1176 novis
463 1077 618 1177 llatribus
644 1107 767 1188 dedit,
792 1127 894 1197 atque
918 1107 1044 1176 utinam
1060 1129 1215 1177 extarent
1230 1108 1377 1192 carmina
1394 1109 1450 1177 illa
1464 1155 1475 1189 ,
1490 1131 1577 1203 quae

254 1245 391 1298 cantata
416 1227 456 1298 de
479 1226 615 1328 illorum
640 1215 793 1296 laudibus
815 1226 953 1296 fuerunt
980 1251 998 1294 a
1023 1227 1157 1311 Poetis,
1184 1251 1271 1319 quos
1308 1231 1373 1298 Leo
1412 1231 1446 1297 in
1486 1227 1579 1296 omni

254 1345 429 1435 epularum
454 1368 614 1436 apparatu
640 1343 793 1418 adhibere
819 1347 973 1416 solebat.
1007 1351 1118 1418 Locus
1158 1349 1290 1440 quidem
1327 1323 1400 1418 erat
1433 1365 1580 1416 ornatus

255 1490 326 1536 non
351 1467 514 1550 floribus,
539 1467 597 1536 sed
622 1467 755 1554 pidluris
782 1469 848 1548 iis,
881 1472 972 1537 omni
998 1491 1080 1538 auro
1107 1467 1382 1557 pretiosissimis,
1407 1491 1491 1559 quas
1507 1469 1580 1535 Ra-

256 1584 353 1674 pbael
378 1582 532 1654 Sandlius
559 1610 616 1674 per
640 1610 699 1656 eos
724 1589 794 1658 dies
821 1587 1038 1665 absolverat,
1079 1590 1113 1658 in
1149 1579 1271 1680 quibus
1309 1612 1384 1658 cum
1421 1587 1583 1678 imagines

222 1793 227 1812 Ι
256 1705 442 1789 virtutum,
463 1707 721 1797 divinarumque
746 1733 854 1778 rerum
880 1709 1000 1777 mirum
1025 1707 1058 1776 in
1085 1708 1220 1778 modum
1245 1729 1355 1778 essent
1382 1731 1584 1800 expressae,

257 1823 354 1894 sacile
380 1825 501 1896 suisset
533 1827 663 1896 animos
688 1825 820 1897 illarum
853 1828 1088 1898 imitandarum
1126 1829 1312 1916 cupiditate
1336 1825 1581 1898 inflammare.

256 1943 317 2013 Sed
340 1942 559 2015 liberalitates
586 1948 931 2040 commoditatesque,
957 1971 1041 2040 quas
1067 1948 1247 2018 Pontifices
1265 1949 1295 2012 &
1313 1950 1420 2038 Reges
1446 1949 1480 2015 in
1499 1950 1583 2016 Car·

256 2062 386 2134 dinales
412 2066 565 2136 conserte
587 2057 664 2136 'tum
688 2087 959 2151 consueverant,
997 2091 1118 2159 magno
1154 2085 1250 2139 erant
1285 2069 1402 2138 virtuti
1438 2066 1585 2156 impedi-

257 2203 391 2252 mento.
416 2171 466 2250 Ex
489 2185 620 2270 divitiis
644 2188 734 2258 enim
758 2190 954 2279 erumpebat
978 2187 1139 2267 luxurie,
1174 2193 1206 2258 bc
1241 2209 1367 2275 pauper
1394 2189 1422 2258 is
1449 2189 1582 2256 habitus
1614 2250 1617 2256 .

257 2297 405 2384 suisset,
430 2289 487 2374 cdi
511 2329 580 2394 non
603 2307 750 2377 redirent
776 2310 963 2398 quotannis
988 2334 1030 2378 ex
1055 2309 1250 2380 sacerdotiis
1277 2309 1413 2389 decem,
1431 2306 1485 2378 vel
1506 2283 1583 2376 octo

258 2423 375 2494 saltem
413 2449 551 2496 numum
588 2447 767 2498 aureorum
799 2428 921 2499 millia.
947 2432 1042 2499 Unus
1069 2429 1217 2519 pluribus
1236 2449 1387 2519 praeerat
1403 2428 1587 2514 Ecclesiis,

256 2546 535 2616 monasteriorum
560 2547 718 2620 reditibus
742 2572 859 2620 eorum
886 2571 1007 2621 census
1029 2550 1240 2640 augebatur,
1267 2573 1328 2619 nec
1353 2551 1483 2642 exiguis
1505 2575 1587 2620 sane

258 2661 378 2735 finibus
394 2667 633 2772 continebatur
657 2668 710 2759 jus
729 2668 1291 2741 conferendorumsacerdotiorum
1302 2715 1314 2750 ,
1338 2673 1430 2760 quod
1445 2669 1588 2747 Romani
1646 2696 1650 2704 ·

256 2783 439 2856 Pontifices
464 2787 650 2858 habebant.
680 2792 790 2882 Quasi
816 2793 923 2860 iratus
950 2790 1136 2878 increpavit
1160 2793 1228 2859 Leo
1263 2789 1423 2860 Carolum
1461 2790 1587 2878 Hispa-

258 2907 392 2980 niarum
418 2910 567 3000 Regem,
584 2909 686 3000 .quod
711 2933 747 2980 se
772 2908 940 2980 difficilem
965 2910 1172 2997 praebuisset
1198 2909 1239 2978 in
1260 2911 1475 2998 possessione
1509 2932 1589 2978 mo·

255 3030 397 3114 mosterii
420 3029 639 3109 Leonardiui‚
664 3028 757 3120 quod
782 3031 929 3117 positum
954 3048 1027 3100 erat
1053 3029 1088 3100 in
1114 3028 1337 3118 Neapolitano
1364 3033 1503 3122 Regn0,
1525 3039 1590 3104 Ae·

199 3159 204 3166 '
256 3147 350 3236 gidio
373 3146 545 3218 Cardinali
568 3141 754 3236 tradenda,
780 3151 859 3238 quia
883 3150 988 3222 latere
1012 3150 1104 3220 illum
1131 3151 1265 3222 minime
1290 3150 1448 3232 debebat,
1474 3175 1590 3224 sacer·
1664 3133 1668 3140 ’

259 3271 353 3341 dotia
377 3269 518 3352 omnia,
543 3292 688 3360 quorum
713 3269 873 3340 Praefedli
899 3273 987 3361 apud
1026 3276 1197 3344 Romanos
1231 3273 1412 3342 Pontifices
1447 3289 1591 3341 mortem

259 3393 443 3484 obiissent,
467 3390 601 3462 eosdem
629 3391 807 3462 Pontifices
831 3391 904 3460 sine
931 3389 1000 3464 ulla
1025 3393 1152 3483 Regum
1177 3401 1210 3464 bt
1235 3393 1426 3480 Principum
1452 3413 1588 3461 recusa·

260 3514 378 3598 tione,
404 3512 527 3603 quibus
554 3512 724 3584 voluerint
750 3536 878 3600 semper
904 3513 1062 3594 dedisse,
1087 3537 1281 3604 semperque
1319 3511 1387 3581 illa·
1411 3513 1462 3582 sui
1505 3513 1590 3603 juris

259 3633 439 3706 habuisse.
464 3632 557 3704 Bone
574 3636 679 3706 Deus.
704 3652 788 3724 quot
814 3634 848 3702 in
874 3657 944 3704 uno
970 3633 1055 3705 lulio
1080 3634 1230 3704 Mediceo
1257 3631 1444 3703 cumulavit
1468 3632 1593 3702 benefi-

262 3754 335 3839 cia,
361 3775 446 3845 quot
472 3777 561 3828 unus
598 3737 774 3844 episcopus
811 3755 898 3824 rexit
933 3752 1245 3845 administravitque
1283 3749 1467 3838 ecclesias,
1504 3773 1616 3843 quot·

208 3945 210 3950 ,
261 3895 383 3946 auctus
411 3877 559 3963 Abbatiis
586 3880 619 3946 s<
644 3875 829 3947 minoribus
853 3871 1078 3960 sacerdotiis,
1105 3893 1189 3966 quot
1211 3877 1313 3966 gessit
1342 3897 1481 3945 munera
1516 3893 1592 3939 am-

261 3996 407 4086 plissima
433 4014 535 4087 atque
560 3993 847 4088 ftudluosissima!
872 3995 967 4082 (53).
993 3996 1115 4064 Nonne
1139 3996 1278 4066 effusam
1316 3993 1418 4062 fuisse
1456 4014 1594 4080 quoque

252 4117 494 4189 liberalitatem
520 4113 692 4185 Pontificis
718 4113 841 4184 dixeris
866 4115 901 4183 in
926 4113 1079 4184 ornando
1104 4115 1246 4185 Dovirio
1272 4109 1470 4182 Cardinali?
1495 4113 1595 4181 Hunc

262 4259 339 4308 cum
362 4233 486 4306 Carolo
511 4235 594 4324 Regi
620 4235 901 4311 commendaret,
925 4251 963 4302 ut
989 4233 1210 4320 Episcopatus
1236 4229 1450 4312 Caurieusis,
1474 4231 1531 4320 qui
1555 4229 1593 4298 iu

230 4429 232 4432 ,
261 4355 442 4443 Hispaniae
468 4375 572 4443 regno
598 4371 669 4437 est,
694 4354 725 4420 ei
752 4352 919 4441 possessio
945 4351 1018 4421 sine
1049 4373 1142 4421 mora
1168 4353 1333 4433 daretur,
1361 4351 1407 4420 ait
1445 4373 1481 4420 se
1516 4363 1593 4420 tari·

262 4489 335 4546 tum
359 4472 513 4548 laborare
536 4474 578 4546 de
603 4472 834 4566 amplificando
859 4469 1000 4558 fortuna
1024 4469 1170 4544 bominis
1195 4471 1321 4561 optime
1361 4469 1403 4542 de
1428 4492 1466 4540 se
1479 4471 1595 4572 ‘meri-
