4372 5842
649 626 714 713 roa
1056 626 1082 693 ι
1132 624 1239 698 u'o
1288 629 1319 699 u
1364 632 1378 700 1
1431 630 1453 698 s
1496 613 1567 696 'a

599 741 838 826 centulorum,
865 761 1045 836 postquam
1072 746 1177 816 adulti
1202 747 1278 818 fadi
1306 769 1405 832 sunt,
1428 746 1600 841 potuisset
1628 762 1807 840 agnoscere
1842 758 1930 815 caa-

595 858 683 930 tus?
709 864 885 952 Nunquam
911 867 998 934 enim
1023 867 1157 936 auidum
1180 869 1294 961 petius
1318 867 1503 939 satiabatur
1535 865 1641 934 vadis
1679 865 1816 951 Musis,
1845 881 1931 954 quat

596 999 692 1050 erant
717 982 746 1050 ei
772 984 869 1071 quasi
894 984 1115 1055 humanitatis
1142 987 1259 1055 cibus.
1286 992 1371 1058 Cum
1396 987 1498 1057 vellet
1525 1005 1636 1056 autem
1657 985 1722 1055 sibi
1747 1001 1831 1052 nota
1856 1003 1930 1052 esse

508 1093 516 1109 s
590 1099 742 1168 ‘nomina
765 1123 906 1189 eorum,
933 1105 993 1194 qui
1020 1106 1061 1174 ad
1089 1104 1162 1174 illas
1189 1129 1208 1174 a
1234 1126 1356 1176 natura
1382 1103 1463 1175 facti
1496 1124 1614 1188 erant,
1651 1127 1720 1177 non
1755 1103 1932 1174 dubitabat

596 1215 688 1322 ipsos
715 1220 856 1296 inertiae
881 1222 1120 1314 nequitiaeque
1146 1224 1390 1312 condemnare,
1414 1227 1443 1297 si
1468 1223 1620 1296 naturale
1646 1226 1771 1296 honum
1796 1223 1932 1294 minime

596 1335 747 1408 dodrina
773 1361 871 1432 atque
897 1342 1141 1412 exercitatione
1166 1344 1407 1428 roborassent,
1431 1348 1464 1416 δι
1493 1346 1534 1416 ad
1559 1367 1768 1416 communem
1793 1340 1933 1410 utilita-

596 1472 665 1562 tem
692 1457 825 1529 minime
851 1459 1075 1532 contulissent
1103 1512 1112 1531 .
1144 1463 1344 1534 carissimus
1368 1461 1417 1533 illi
1444 1460 1510 1534 suit
1535 1468 1582 1534 lo.
1605 1463 1772 1553 Georgius
1797 1460 1932 1530 Trissi-

597 1578 673 1646 nius
700 1579 878 1664 vicetinus
896 1629 905 1654 ,
923 1581 1016 1670 quod
1040 1582 1073 1649 in
1094 1604 1134 1652 eo
1159 1603 1303 1656 noverat
1329 1607 1399 1653 non
1420 1583 1529 1653 solum
1555 1583 1726 1672 poeticum
1751 1581 1930 1676 ingenium,

595 1697 771 1766 sedetiam
789 1697 969 1768 multarum
987 1725 1095 1770 rerum
1119 1704 1292 1790 peritiam,
1313 1708 1345 1774 dc
1363 1702 1571 1792 publicarum
1591 1703 1789 1789 praesertim
1808 1723 1927 1787 usum,

593 1839 698 1907 quare
725 1840 800 1886 cum
826 1817 1148 1909 eumdemlegasset
1172 1819 1215 1889 ad
1250 1823 1383 1891 Daniae
1404 1827 1554 1914 Regem,
1589 1823 1632 1892 ad
1665 1818 1928 1892 Maximilianum

591 1923 793 2021 Caesarem,
819 1943 852 2008 bc
879 1939 920 2008 ad
944 1941 1116 2022 Venetos,
1143 1939 1226 2011 nulli
1249 1941 1392 2012 fideliori
1420 1967 1457 2012 ac
1482 1940 1693 2031 prudentiori
1719 1940 1925 2010 christianae

590 2054 805 2143 Reipublicae
841 2057 976 2148 negotia
1011 2082 1047 2130 se
1082 2061 1289 2132 committere
1327 2061 1479 2150 potuisse
1517 2061 1723 2132 affirmavit.
1759 2055 1819 2128 Vel
1845 2075 1925 2128 ante

588 2171 656 2243 hoc
682 2192 810 2264 tempus
836 2177 995 2250 mirificus
1021 2179 1078 2250 hic
1104 2157 1318 2251 Graecorum
1342 2181 1491 2250 imitator
1517 2183 1667 2252 inomni
1693 2177 1803 2266 poesis
1824 2199 1925 2267 gene·

586 2315 623 2362 re
648 2291 774 2364 ltalicis
811 2296 1102 2385 hendecasyllabis
1128 2301 1280 2372 versibus
1320 2321 1521 2372 exaraverat
1560 2297 1800 2390 tragoediam,
1832 2321 1922 2387 quae

589 2411 802 2500 Sophonisba
826 2414 1044 2504 inscribitur,
1068 2443 1206 2510 gravem
1245 2418 1335 2490 illam
1360 2421 1520 2511 quidem,
1554 2403 1742 2503 moratam,
1781 2415 1922 2505 politam

588 2554 663 2604 cum
686 2557 789 2604 sensu
812 2539 845 2606 bc
869 2535 1006 2608 dolore.
1032 2541 1107 2608 Hoc
1131 2563 1254 2609 munus
1278 2559 1374 2611 tanto
1398 2539 1561 2611 Pontifice
1597 2539 1733 2628 dignum
1760 2535 1920 2625 putaviti

583 2649 643 2722 hic
670 2671 781 2725 autem
805 2657 962 2744 probavit
991 2657 1100 2742 adeo,
1127 2679 1165 2728 ut
1185 2659 1334 2730 eamdem
1354 2661 1543 2731 cumomni
1569 2675 1732 2748 apparatu
1757 2655 1919 2747 agendam

582 2774 721 2866 jusserit
747 2775 782 2844 in
807 2776 889 2862 ipsis
915 2777 1087 2847 Vaticanis
1106 2779 1265 2865 aedibus,
1291 2779 1465 2870 gratulans
1489 2795 1634 2866 poetae,
1658 2775 1919 2867 quodomnium

579 2891 707 2982 primus
731 2893 835 2966 Italos
860 2920 943 2967 suos
968 2899 1123 2968 docuerit
1161 2901 1227 2968 hoc
1268 2897 1462 2986 scriptionis
1497 2920 1603 2988 genus
1641 2919 1717 2968 cum
1752 2897 1917 2989 dignitate

583 3009 750 3084 tractare.
776 3017 891 3106 Quare
917 3015 948 3083 si
972 3014 1063 3084 dedit
1089 3039 1246 3105 operam,
1267 3037 1305 3086 ut
1331 3017 1418 3088 illius
1444 3018 1568 3087 honori
1591 3041 1630 3086 ac
1651 3015 1784 3087 nomini
1808 3017 1918 3087 deser·

582 3133 705 3216 viret,
735 3135 770 3204 id
794 3159 829 3206 se
854 3136 973 3207 virtuti
997 3139 1029 3202 dt
1055 3137 1175 3208 merito
1201 3138 1349 3208 tribuere
1373 3122 1546 3228 professus
1572 3157 1646 3207 est.
1671 3139 1747 3205 Hoc
1780 3135 1916 3229 assequi

486 3235 490 3244 ⁴
580 3273 718 3341 prorsus
746 3255 913 3335 volebat,
939 3262 973 3328 aa
1011 3258 1102 3328 omni
1127 3259 1259 3350 quidem
1277 3255 1400 3326 studio
1427 3261 1460 3324 u
1490 3253 1666 3345 diligentia
1692 3256 1852 3341 curavit,
1875 3271 1914 3326 ut

577 3370 773 3442 redderetur
798 3372 951 3464 ingenuis
977 3377 1103 3446 artibus
1129 3378 1292 3465 pristinus
1316 3374 1499 3464 splendor,
1526 3375 1619 3465 quod
1642 3374 1788 3446 obtineri
1812 3397 1912 3464 posse

577 3488 808 3581 intelligebat,
832 3493 862 3563 si
892 3495 941 3576 ii,
965 3497 1022 3587 qui
1047 3495 1183 3586 aliquod
1221 3519 1342 3567 munus
1377 3501 1506 3568 efficere
1541 3495 1796 3578 moliebantur,
1831 3515 1906 3564 eant

576 3610 695 3700 optimi
719 3609 890 3698 speciem,
916 3635 1017 3702 quam
1043 3615 1241 3700 praesertim
1265 3616 1299 3686 in
1325 3617 1461 3687 Graecis
1490 3615 1713 3698 admirantur,
1737 3615 1803 3684 sibi
1831 3633 1911 3682 tan·

495 3794 500 3806 ,
577 3751 675 3820 qun
703 3729 869 3818 exemplar
893 3749 1120 3820 proponerent
1146 3731 1189 3802 ad
1214 3733 1430 3826 imitandum.
1457 3739 1574 3827 ltaque
1607 3757 1677 3804 non
1703 3733 1815 3822 potuit
1840 3757 1913 3806 non

576 3871 778 3939 magnopere
815 3850 955 3939 probare
993 3849 1184 3922 Oricellarii
1220 3855 1448 3926 Rosmundatn
1483 3907 1495 3942 ,
1532 3878 1619 3947 quae
1668 3853 1799 3943 peradla
1830 3835 1912 3925 dici·

575 3983 630 4045 tur¹
655 3969 690 4036 in
715 3967 822 4039 hortis
844 3967 1076 4053 Oricellariis,
1104 3971 1183 4041 dum
1199 3971 1269 4060 ipse
1284 3973 1473 4044 Florentiae
1490 3976 1784 4060 commorabatur,
1803 3998 1907 4064 quae·

572 4107 638 4174 que
665 4109 804 4170 prorsus
831 4090 917 4162 sada
948 4111 1000 4162 est
1042 4093 1085 4162 ad
1119 4101 1327 4166 Graecorum
1365 4091 1566 4178 lucernam,
1605 4100 1638 4166 δι
1684 4095 1750 4164 nisi
1785 4093 1905 4180 sallor,

573 4201 639 4272 hac
674 4204 774 4276 laude
807 4209 944 4282 minime
969 4213 1203 4302 Sophonisbae
1237 4215 1497 4302 postponenda,
1534 4215 1676 4306 aliisque
1705 4213 1905 4283 ¹nominibus

575 4323 675 4392 etiam
715 4325 932 4400 anteferenda
966 4383 976 4402 .
1027 4332 1161 4402 Etenim
1199 4321 1286 4400 ‘nihil
1322 4333 1357 4402 in
1390 4333 1444 4402 illa
1480 4353 1530 4403 est
1571 4318 1790 4432 ahiedlum'a
1814 4335 1907 4430 'siv-e

571 4449 700 4518 vertas,
724 4447 795 4520 sive
828 4452 1013 4544 sententias
1039 4449 1195 4540 spectes,
1220 4451 1319 4542 plane
1356 4455 1519 4548 tragicum
1544 4473 1666 4543 sonat,
1693 4476 1756 4527 uec
1793 4475 1903 4544 gran-
