4472 5828
717 695 751 760 'V
821 679 863 764 '1
959 699 990 768 T
1089 696 1120 766 Δ
1543 677 1585 783 ἐς

297 821 376 891 cu'rn
401 816 527 888 milites
549 797 628 888 urlii
656 797 1003 910 adpropinquassent,
1025 839 1094 889 nec
1118 813 1301 910 quisquam
1321 841 1338 888 e
1355 793 1531 888 moenibus
1556 823 1640 907 prb-

300 939 449 1026 diisset,
477 957 599 1008 contra
624 960 664 1008 ea
689 937 878 1009 Florentini
901 939 1073 1028 praesenti
1098 936 1250 1026 periculo
1277 936 1460 1026 experreCli
1483 959 1641 1027 magnam

301 1082 441 1131 manum
467 1061 509 1130 ad
537 1081 626 1129 arma
649 1057 896 1144 vocavissent,
920 1060 1182 1152 equitatumque
1208 1082 1227 1128 e
1252 1059 1391 1126 *Pisano
1429 1077 1509 1147 agro
1552 1057 1643 1127 acci·

305 1181 461 1264 sissent,
483 1179 586 1256 veriti
610 1181 731 1274 Petrus
756 1184 788 1250 δι
814 1179 1061 1264 Livianus,ne
1086 1180 1190 1247 tantis
1219 1159 1351 1250 uirilius
1394 1175 1537 1264 impares
1578 1177 1648 1248 cir-

309 1299 614 1379 cumvenirentur,
639 1299 747 1389 signis
782 1319 920 1388 repente
946 1295 1112 1384 sublatis,
1154 1320 1230 1366 cnm
1267 1297 1416 1367 salutare
1456 1295 1640 1368 consilium

307 1418 439 1492 trullum
463 1418 554 1489 aliud
579 1437 669 1489 esset
685 1421 728 1488 'in
749 1437 931 1508 promptu,
957 1417 1093 1489 abiere.
1118 1419 1207 1486 Tum
1245 1414 1459 1485 conclamare
1495 1413 1645 1504 populns

300 1536 527 1609 florentinus
561 1557 693 1608 tanturn
719 1535 854 1607 facinus
880 1537 1015 1608 admitti
1047 1539 1141 1609 haud
1167 1539 1339 1628 potuisse,
1373 1534 1439 1604 nisi
1474 1534 1566 1603 intus
1592 1553 1646 1600 es·

304 1676 381 1727 sent
407 1656 538 1748 patriae
564 1657 680 1728 hostes
698 1703 711 1740 ,
729 1679 792 1726 nec
821 1653 903 1727 illud
930 1656 1076 1727 inultum
1095 1681 1130 1728 se
1148 1681 1344 1748 passurum.
1365 1654 1516 1740 Indicia,
1542 1671 1645 1745 quae·

190 1801 195 1810 ·
300 1776 460 1858 stiones,
501 1795 671 1849 tormenta
709 1801 779 1848 rem
815 1776 1032 1847 manifestam
1065 1775 1248 1862 lecerunt,
1283 1780 1318 1846 δι
1344 1797 1421 1845 cum
1459 1773 1646 1844 laurentio
1741 1797 1744 1800 ·

304 1896 558 1982 Tornabonio,
585 1896 729 1968 Nicolao
754 1896 924 1982 Ridolfio,
962 1896 1162 1966 loannottio
1199 1895 1351 1981 Puccio,
1386 1887 1513 1965 Ioanne
1548 1895 1646 1960 Cam·

302 2011 389 2098 bio,
417 2018 451 2085 dt
476 2016 648 2086 Bernardo
674 2018 801 2100 Nerio,
828 2017 993 2105 primariis
1018 2014 1233 2097 emetiris,
1270 2013 1328 2104 qui
1363 1989 1532 2100 principes
1557 2033 1648 2078 con-

303 2130 373 2204 silii
398 2134 550 2204 extitisse
578 2135 723 2206 convidli
750 2135 867 2218 fuere,
893 2135 949 2205 alii
990 2134 1105 2223 plures
1147 2131 1264 2202 mortis
1305 2127 1644 2220 poenamsubiere,

307 2247 533 2344 nequicquam
560 2251 781 2325 reclamantes
807 2256 858 2346 jus
880 2253 1141 2344 provocationis
1167 2252 1208 2321 ad
1234 2248 1421 2346 populum,
1447 2231 1647 2340 quodnov't

304 2363 377 2462 lege
404 2390 483 2460 post
509 2371 648 2444 exaltus
673 2375 844 2446 Mediceos
871 2375 1100 2445 constitutum
1129 2370 1258 2443 suerat.
1309 2443 1315 2450 ,
1412 2453 1415 2460 ,
1707 2357 1714 2366 ’

404 2491 450 2560 At
476 2513 547 2562 non
573 2515 753 2586 propterea
778 2493 923 2567 Medicei
949 2492 1072 2564 fratros
1097 2491 1133 2563 in
1158 2514 1292 2564 omnem
1328 2487 1546 2562 occasionem
1581 2491 1649 2556 en·¹

306 2609 470 2681 cubantes
496 2633 590 2700 spem
616 2617 839 2706 recuperandi
863 2615 1008 2707 patriam
1035 2613 1210 2708 abjecere.
1237 2613 1311 2680 Hoc
1345 2611 1428 2682 satis
1449 2623 1649 2700 opportune

306 2728 370 2800 sibi
394 2731 561 2802 accidisse
588 2734 771 2820 arbitrati,
797 2736 889 2827 quod
924 2758 977 2806 an.
1003 2749 1278 2805 mccccxcvm.
1302 2732 1480 2802 damnatus
1506 2721 1650 2796 flammis

310 2844 424 2920 fuerat
449 2847 687 2931 Savonarola‚
709 2875 810 2943 <luem
834 2852 996 2944 longius,
1021 2875 1123 2944 quam
1148 2850 1344 2933 voluisset,
1369 2845 1541 2940 popularis
1565 2863 1652 2912 aura

307 2987 539 3058 provexerat,
566 2971 727 3060 qnodque
751 2970 927 3042 Gallorum
951 2993 1114 3061 regnum,
1139 2987 1277 3040 mortuo
1302 2968 1337 3037 in
1373 2965 1485 3038 Gallia
1524 2959 1650 3034 Carolo

314 3110 441 3157 annum
468 3101 589 3177 agente
614 3109 744 3154 nonum
769 3093 804 3157 dt
839 3087 1065 3178 vigesimum,
1091 3089 1134 3162 ad
1167 3088 1378 3160 ludovicum
1404 3082 1650 3166 Aurelianum,

306 3223 346 3276 ut
373 3227 454 3294 pote
481 3207 550 3296 regi
575 3205 640 3293 ipsi
666 3205 1219 3298 propinquiorem,pervenerat,
1245 3224 1318 3276 tum
1342 3203 1434 3276 dorni
1458 3253 1469 3286 ,
1497 3221 1568 3274 tum
1594 3199 1653 3270 fo·

309 3325 380 3408 ris,
407 3325 500 3416 quod
525 3347 611 3414 opus
631 3343 725 3412 erat,
752 3329 844 3406 omni
871 3351 954 3401 cura
978 3329 1225 3420 providebant.
1261 3326 1373 3400 lunxit
1398 3347 1433 3393 se
1458 3347 1494 3392 se
1532 3324 1654 3391 Petrus

312 3461 407 3514 certo
428 3443 568 3513 foedere
596 3445 734 3515 Venetis
758 3443 885 3520 bellum
910 3449 1073 3522 adversus
1098 3449 1313 3522 Florentinos
1351 3442 1573 3537 gerentibus,
1612 3453 1653 3508 ut

312 3557 453 3634 Pisanos
481 3584 543 3651 pro
569 3561 751 3653 libertate,
776 3591 876 3661 quam
912 3591 971 3658 per
1008 3566 1168 3641 Carolum
1192 3571 1317 3659 Regem
1341 3575 1650 3652 recuperaverant.

250 3677 254 3692 '
315 3677 504 3772 pugnantes
544 3682 788 3756 defenderent.
827 3689 913 3758 Fore
948 3688 1039 3766 enim
1073 3689 1290 3782 sperabant,
1320 3705 1360 3761 ut
1393 3681 1515 3756 civitas
1541 3673 1656 3748 omni-¹

315 3798 380 3871 bus
405 3801 472 3891 jam
497 3801 632 3874 defessa
655 3802 778 3891 malis,
804 3827 945 3879 suorum
970 3809 1110 3898 potius,
1134 3831 1236 3902 quam
1259 3805 1480 3895 impotentem
1505 3795 1655 3873 Floren-

316 3919 470 3992 tinorum
496 3922 760 3994 dominationem
783 3943 874 3997 esset
899 3925 1030 4000 latura.
1053 3931 1133 4022 Quo
1158 3950 1242 4000 vero
1267 3925 1304 3996 hi
1340 3925 1381 3996 ab
1416 3909 1658 4010 oppugnandis

313 4039 397 4110 Pisis
429 4041 472 4111 ad
504 4064 568 4112 sna
593 4045 720 4117 tuenda
743 4066 999 4134 averterentur,
1025 4052 1194 4130 Senatus,
1220 4042 1428 4120 detrimentis
1453 4035 1656 4130 quibusdam

315 4159 352 4232 in
378 4183 460 4254 agro
485 4160 609 4235 Pisano
634 4165 811 4253 acceptis,
833 4165 1010 4253 decrevit,
1036 4185 1074 4242 ut
1094 4163 1328 4238 Guidobaldus
1344 4159 1514 4238 talarius,
1539 4155 1656 4246 Livia·

314 4299 381 4350 nus
408 4302 449 4352 ac
475 4282 593 4353 Petrus
623 4284 794 4357 Mediteus
820 4308 878 4376 per
903 4287 1166 4364 Faventinorum
1191 4283 1274 4356 fines
1300 4279 1657 4384 nartali-unaaru-

313 4397 497 4482 dematur,
523 4421 581 4482 ut,
608 4400 676 4507 lroc
701 4422 921 4494 expugnato,
948 4405 1061 4478 aditus
1086 4403 1121 4476 in
1148 4413 1264 4498 agriam
1278 4394 1511 4471 Florentinum
1536 4389 1579 4462 iis
1599 4413 1657 4506 pa·

315 4529 435 4597 taret.
458 4513 554 4598 Prior
577 4519 729 4598 lulianus
753 4523 928 4603 Mediceus
954 4521 991 4598 in
1016 4523 1180 4613 oppidum
1204 4515 1331 4618 venit,
1355 4515 1447 4590 bona
1471 4535 1553 4586 sane
1579 4531 1656 4593 etun
