4372 5842
676 637 706 702 v
803 634 818 727 l
917 640 947 706 Τ
1044 639 1075 707 Α
1469 653 1531 723 175
1567 703 1570 714 .

251 755 363 846 potuit
387 797 399 834 ,
428 752 494 825 uisi
519 753 560 825 ab
584 779 623 828 eo
647 809 657 840 ,
683 759 740 853 qui
765 757 881 826 divino
906 757 1041 852 ingenio
1061 755 1234 851 praeditur
1259 757 1322 828 sit.
1347 761 1431 828 Cum
1457 755 1585 828 audiis-

253 892 304 941 set
324 876 519 944 verotanti
545 878 701 948 carminis
729 877 894 947 auflorem
918 877 1045 948 Romae
1068 901 1142 947 esse
1167 871 1259 960 (ibi
1291 876 1380 948 enim
1418 930 1428 962 ,
1462 874 1580 946 relidlis

258 997 377 1065 ceteris
392 997 539 1080 studiis,
566 1022 601 1067 se
619 1019 729 1066 totum
750 995 957 1084 philosophis
984 1021 1024 1066 ac
1050 997 1216 1088 theologis
1240 998 1457 1068 erudiendum
1482 995 1587 1066 tradi·
1615 1074 1639 1090 ,Ι

260 1111 391 1204 derat)
419 1116 460 1185 ad
489 1140 525 1186 se
562 1117 674 1186 statim
709 1117 826 1186 adduci
852 1118 1169 1204 jussit,arbitratus
1192 1117 1360 1188 divinitus
1387 1117 1464 1185 sibi'
1488 1115 1589 1212 obla-¹

258 1250 330 1304 tum
368 1232 478 1306 uirum
529 1237 684 1306 omnibus
732 1239 880 1306 numeris
919 1236 1112 1307 absolutum
1146 1292 1156 1324 ,
1203 1239 1363 1329 omnique
1402 1236 1592 1306 litterarum

258 1355 469 1444 praestantia
511 1355 770 1440 excellentem,
807 1355 866 1448 qui
900 1359 942 1428 de
978 1358 1072 1426 omni
1104 1383 1141 1430 re
1168 1359 1298 1451 egregie
1333 1377 1447 1447 posset
1481 1355 1592 1424 dicere

255 1491 326 1543 turn
350 1473 504 1544 numeris
543 1471 676 1566 ligata,
715 1497 787 1546 tum
822 1475 935 1549 soluta
965 1479 1141 1564 oratione,
1173 1501 1319 1568 eumque
1343 1474 1592 1566 interpellavit,

257 1609 295 1664 ut
339 1643 350 1677 ,
383 1592 505 1686 rejedla
527 1594 621 1664 omni
647 1592 711 1664 alia
746 1620 856 1682 cura,
883 1597 1130 1688 periclitaretur
1157 1597 1241 1691 quid
1275 1600 1442 1680 efficere,
1481 1616 1591 1686 quan·

257 1728 397 1804 tumque
447 1713 604 1805 progredi
645 1713 776 1785 valeret
803 1715 837 1785 in
884 1717 1090 1808 explicandis
1126 1717 1248 1788 Latino
1291 1733 1445 1806 poemate
1480 1710 1580 1780 rebus
1620 1769 1623 1778 ,

258 1827 404 1919 divinis,
430 1857 517 1925 quae
543 1838 711 1926 pertinent
738 1837 781 1907 ad
807 1838 934 1908 Christi
958 1834 1142 1924 instituta,
1179 1857 1354 1929 totamque
1377 1833 1592 1906 Christianae

255 1949 425 2044 religionis
449 1953 688 2026 sanctitatem.
713 1959 802 2026 Tum
825 1958 945 2043 Vida,
971 1958 1103 2032 etiamsi
1141 1983 1211 2030 non
1247 1945 1427 2050 ignoraret'
1463 1969 1592 2044 quanta

244 2091 342 2142 ¹esset
368 2073 417 2144 rei
441 2073 619 2145 difficultas
634 2081 773 2158 ,itamen
799 2101 841 2146 ne
875 2079 960 2148 tanti
987 2079 1178 2165 Pontificis,
1204 2098 1339 2170 tamque
1364 2079 1406 2147 de
1434 2093 1588 2146 comanu-

257 2187 294 2260 ni
315 2193 493 2264 bominum
518 2195 681 2267 societate
703 2199 789 2268 bene
813 2199 919 2269 meriti
945 2197 1022 2288 piae
1046 2197 1219 2270 uoluntati
1245 2212 1479 2288 repugnaret,
1515 2211 1594 2282 pro·

259 2310 406 2380 vinciam
432 2315 522 2402 prius
546 2315 670 2406 ingenii
694 2317 820 2388 viribus
857 2318 993 2390 metitus
1016 2316 1160 2388 libenter
1180 2317 1347 2406 suscepit,
1362 2337 1464 2416 quam
1490 2335 1622 2408 quan-¹

264 2450 303 2518 ‚ta
340 2447 417 2500 cum
449 2433 615 2522 dignitate
649 2435 838 2526 expleverit
866 2491 877 2526 ,
912 2459 1012 2510 nemo
1036 2457 1088 2508 est
1124 2438 1209 2508 adeo
1245 2458 1387 2510 aversus
1423 2430 1621 2526 aMusiS,¹

258 2549 437 2644 omnisque
463 2551 652 2645 elegantiae
679 2577 820 2644 expers.
845 2558 906 2649 qui
932 2577 1003 2628 non
1028 2558 1222 2650 intelligat.
1249 2560 1404 2627 Formam
1428 2550 1594 2642 poematis

261 2669 330 2740 Leo
355 2671 426 2760 ipse
452 2675 668 2746 adumbrasse
696 2676 830 2748 videtur
858 2669 874 2762 ,¹
894 2679 1103 2768 maximeque
1128 2678 1330 2766 expetivisse
1353 2727 1364 2760 ,
1387 2694 1426 2744 ut
1450 2671 1546 2742 locus
1561 2669 1596 2738 in
1687 2703 1692 2712 ·

255 2785 315 2858 illo
347 2791 486 2862 daretur
511 2793 711 2886 quibusdam
735 2797 890 2868 sensibus
917 2799 1149 2868 Hebraeorum
1173 2795 1307 2887 linguae
1334 2792 1477 2884 propriis
1502 2843 1512 2874 ,
1539 2791 1598 2882 qui

255 2908 351 2981 nulla
376 2937 525 3004 unquam
551 2915 716 3016 sermonis
743 2917 856 2988 Latini
882 2915 958 2989 luce
982 2917 1067 2988 satis
1090 2917 1324 3008 splendescere
1345 2935 1444 3004 posse
1464 2910 1598 3005 judica·

198 3035 204 3046 '
258 3033 406 3103 bantur.
432 3034 541 3126 Atque
568 3033 602 3105 id
626 3035 734 3126 ipsum
760 3035 956 3110 felicissime
980 3039 1150 3128 praestitit
1174 3038 1281 3121 Vida,
1297 3036 1364 3106 hoc
1390 3056 1495 3104 unum
1518 3053 1599 3102 suae

256 3147 415 3224 felicitati
438 3153 587 3225 defuisse
613 3176 767 3245 putans,
792 3158 884 3248 quod
908 3179 1095 3228 extremam
1127 3157 1274 3244 poemati
1303 3159 1440 3226 manur'n
1467 3171 1594 3240 ponere

257 3273 392 3344 minime
417 3277 566 3365 potuerit
584 3327 594 3359 ,
610 3277 696 3346 dum
721 3275 790 3346 Leo
811 3277 845 3346 in
868 3278 942 3349 vita
973 3277 1037 3346 fuit
1051 3326 1060 3344 .
1074 3279 1127 3348 De
1147 3275 1223 3345 hoc
1250 3295 1361 3346 aurern
1388 3273 1424 3344 in
1450 3256 1533 3342 libro
1556 3265 1598 3339 de

262 3391 454 3487 Republica
477 3397 583 3485 primo
606 3449 616 3480 ,
641 3419 711 3488 quo
734 3398 769 3466 in
794 3397 874 3466 loco
900 3415 1140 3468 commemorat
1173 3414 1309 3480 cetera,
1334 3413 1420 3486 quae
1443 3389 1595 3478 scripsit,

268 3534 364 3582 sacra
389 3537 575 3602 poemata,
612 3515 647 3586 id
683 3521 844 3588 affirmare
870 3519 1007 3590 minime
1032 3514 1223 3589 dubitauit.-
1250 3535 1311 3608 ego
1329 3533 1409 3583 uero
1431 3512 1495 3581 istu
1516 3527 1598 3604 quu-

267 3625 443 3728 lr'o'cuuque
452 3637 589 3726 jussus,
607 3659 650 3708 ne
672 3637 778 3709 dicam
795 3639 937 3727 coor'lur,
960 3639 1103 3732 scripsi,
1117 3636 1298 3732 ree'lt'usque
1311 3635 1386 3726 fere
1404 3631 1524 3704 leonis
1547 3629 1589 3702 X.

256 3755 418 3842 ,poemata
442 3805 452 3836 ,
477 3777 575 3850 quom
600 3779 672 3830 meu
696 3760 762 3830 dici
783 3775 952 3853 possunt.
978 3735 1093 3850 Atque
1117 3756 1154 3826 hi
1177 3737 1309 3826 labores
1325 3775 1395 3826 non
1415 3754 1486 3822 sine
1501 3771 1595 3841 prae·

262 3869 335 3937 mio
362 3870 523 3946 fuerunt.-
540 3901 617 3949 nam
633 3901 713 3949 eum
738 3903 837 3972 saepe
859 3878 950 3970 large
966 3878 1105 3948 donavit
1125 3876 1305 3961 Pontifex,
1320 3874 1597 3954 muneribus,'ho·
1699 3945 1702 3952 ,

266 3988 444 4060 notibus&
464 3995 586 4086 opibus
612 3997 731 4078 auxit,
752 3998 846 4090 quod
870 3997 923 4067 his
948 3999 1099 4068 versibus
1122 4000 1227 4068 Poeta
1250 3997 1321 4087 ipse
1347 4011 1489 4066 testatus
1514 4006 1590 4060 est:
1617 4069 1621 4080 ‚

186 4093 192 4102 ¹
369 4159 572 4183 .......
599 4113 670 4186 Leo
690 4118 759 4208 jam
783 4119 930 4188 earmina
955 4132 1071 4187 nostro

270 4301 275 4312 ·
363 4251 446 4347 Ipse
469 4253 575 4326 libens
601 4255 765 4350 relegebat
784 4279 865 4352 rego
891 4256 939 4328 itte·
963 4279 1062 4327 curus
1087 4254 1119 4328 dv
1145 4257 1261 4330 auerte

356 4371 622 4468 Muneribusque
647 4428 658 4461 ,
691 4375 928 4473 opibusque&
954 4375 1135 4450 horroribus
1160 4373 1342 4473 iusigtrt‘tus

342 4516 480 4602 ,Omnia
505 4516 586 4588 milri
609 4534 706 4590 eruut
728 4515 843 4591 loeta..
