4392 5838
1565 675 1636 774 283

422 789 518 880 Regi.
538 805 572 856 ut
591 792 636 859 sui
657 789 746 858 moris
765 807 809 858 est
828 811 939 880 semper
957 793 1031 862 bene
1051 795 1150 881 loqui.
1172 811 1242 862 tunc
1262 797 1372 882 optime
1384 799 1500 884 locutor
1520 817 1564 862 est
1585 800 1678 884 Regi:

423 917 492 984 post
510 919 634 984 quorum
657 918 804 975 mutuam,
826 904 893 966 licet
913 923 973 964 non
995 901 1117 964 multam
1139 904 1316 966 locutionem
1338 909 1419 974 Rex,
1440 905 1530 988 quia
1549 902 1620 964 fecie
1644 901 1682 964 ad

425 1002 530 1066 faciem
553 1003 702 1078 Pontificis
722 1023 797 1078 erat,
818 998 946 1066 firmavit
964 1025 993 1068 se
1011 1007 1043 1068 in
1064 1006 1216 1070 Pontificio
1234 1010 1368 1080 dextera,
1392 1029 1438 1068 me
1459 998 1632 1074 indicante,
1653 1011 1683 1064 Rc

425 1126 570 1195 contego
592 1112 695 1174 vocavi
716 1107 979 1172 Reverendissimos
1003 1111 1149 1172 Dominus
1176 1113 1364 1182 cardinale»,
1386 1129 1418 1173 ut
1439 1111 1477 1172 ad
1510 1112 1616 1172 solium
1639 1130 1688 1170 re·

424 1216 525 1280 oirent
546 1217 570 1277 si
591 1232 722 1300 possent,
745 1221 772 1276 dr
793 1215 842 1276 vir
864 1214 946 1298 pauci
967 1213 1067 1277 venite
1085 1231 1256 1296 potuerunt:
1279 1216 1382 1296 quibus
1410 1233 1476 1278 ante
1505 1213 1680 1289 Pontificem

425 1321 584 1391 stantibus,
605 1319 797 1384 cancellarius
820 1320 907 1403 Regis
927 1336 1005 1380 veste
1027 1339 1109 1380 aurea
1131 1319 1216 1402 longa
1236 1319 1375 1389 indutus,
1396 1327 1424 1380 de
1446 1319 1685 1404 primoquidem

424 1427 612 1513 genuflexus,
634 1447 683 1508 per
703 1423 824 1486 modum
851 1425 969 1509 longae,
991 1431 1019 1483 bc
1040 1442 1157 1486 ornatae
1177 1427 1316 1488 orationis
1341 1424 1539 1486 obedientiam
1566 1424 1598 1485 in
1627 1420 1686 1486 for·

425 1551 474 1592 rna
494 1530 599 1600 solita,
620 1529 739 1590 nomine
759 1529 847 1613 Regis
867 1529 1041 1610 praesentis,
1062 1529 1115 1611 qui
1135 1527 1234 1610 primo
1253 1528 1346 1589 voluit
1366 1549 1399 1588 se
1417 1528 1575 1612 detegere,
1596 1547 1689 1611 qusn-

422 1632 463 1694 do
482 1634 608 1718 praecise
628 1633 714 1696 rerba
734 1634 915 1696 obedientiae
935 1634 1148 1700 recitabantur.
1166 1631 1207 1692 sic
1228 1632 1306 1694 enim
1318 1653 1371 1716 ego
1392 1653 1459 1694 eum
1475 1633 1685 1706 instruxerant,

424 1737 477 1798 sed
498 1739 574 1820 Papa
603 1737 752 1807 inhibuit.
780 1757 817 1798 ne
838 1735 1034 1820 detegeretur.
1056 1742 1084 1796 dt
1104 1737 1145 1796 sic
1166 1736 1291 1798 omnino
1310 1735 1491 1819 recooperuit
1508 1779 1521 1806 r
1548 1741 1577 1798 dt
1599 1733 1686 1798 finite
1751 1789 1756 1802 .

421 1859 555 1903 sermone
576 1845 641 1904 Rex
661 1840 830 1924 approbavit
849 1861 916 1902 cum
937 1838 1143 1902 humiliatione
1168 1840 1289 1924 capitis,
1319 1845 1349 1900 δε
1378 1837 1567 1904 humerorum
1598 1861 1690 1903 omne

421 1945 504 2030 quod
528 1945 640 2006 houm
663 1941 760 2006 fuerat
784 1965 836 2026 pet
861 1944 1074 2006 cancellarium
1102 1949 1163 2022 ejus
1185 1989 1198 2016 ,
1226 1950 1255 2006 δι
1295 1947 1371 2026 Papa
1401 1945 1635 2028 elegantissime,
1655 1953 1686 2006 fle

421 2048 662 2111 commodissime·
678 2047 846 2129 respondit,
865 2046 1073 2108 commendans
1099 2049 1213 2132 publice
1233 2055 1263 2110 bc
1285 2049 1485 2132 multipliciter
1505 2048 1616 2133 regiam
1652 2043 1687 2109 fi.

421 2151 514 2214 dem·
532 2154 618 2214 Tunc
638 2152 755 2214 vocavit
773 2168 832 2212 tres
850 2151 917 2213 illos
939 2155 1052 2220 Duces,
1074 2152 1125 2234 qni
1153 2168 1295 2214 venerunt
1331 2149 1370 2214 ad
1393 2153 1531 2214 'osculum
1564 2151 1678 2234 pedis,

422 2277 544 2328 manus,
564 2264 592 2318 dc
612 2255 692 2326 oris..
712 2263 739 2316 bc
763 2261 839 2339 Papa
856 2276 904 2318 eos
923 2255 1047 2342 benigne
1067 2253 1202 2316 admisit.
1224 2257 1286 2318 Rex
1309 2255 1429 2318 interim
1447 2275 1519 2317 curu
1538 2254 1683 2326 Pontifice

418 2357 656 2424 confabulabatur
676 2362 714 2422 de
734 2362 807 2445 ipsis
827 2361 1023 2446 Principibus,
1047 2379 1166 2420 narrans
1184 2379 1285 2422 eorum
1308 2360 1453 2430 virtutes,
1477 2365 1509 2422 de
1536 2359 1686 2423 conditio·

419 2483 473 2526 nes
493 2463 563 2540 (θ).
583 2467 652 2526 Post
671 2463 743 2524 istos
763 2467 839 2546 Papa
859 2464 963 2526 statuit
981 2465 1081 2526 nullos
1098 2465 1173 2526 alios
1189 2462 1344 2526 admittere
1364 2461 1400 2526 ad
1421 2463 1557 2526 osculum
1582 2461 1686 2544 pedit,

417 2586 458 2628 ne
477 2568 619 2630 detineret
639 2571 753 2649 Regem
772 2569 909 2634 inanem,
937 2566 990 2630 secl
1008 2572 1073 2630 Rex
1095 2567 1217 2630 vocabat
1239 2566 1337 2639 hunc,
1355 2574 1384 2629 dt
1405 2567 1511 2638 illum,
1532 2571 1562 2626 dc
1583 2567 1684 2627 Ponti.

416 2667 466 2732 fici
495 2668 738 2738 cominendabats
755 2672 797 2732 sic
817 2691 911 2754 usque
928 2674 997 2732 XV.
1018 2673 1064 2734 vel
1086 2675 1159 2734 XX.
1180 2688 1340 2741 venerunt,
1370 2691 1444 2755 quos
1469 2688 1571 2731 omnes
1601 2669 1682 2749 Papa

418 2777 647 2844 osculaturus,
668 2791 703 2834 ut
722 2775 832 2858 priores
852 2777 1016 2846 illustres,
1037 2775 1206 2838 &tandem
1236 2779 1313 2860 Papa
1340 2775 1486 2844 surrexit,
1513 2781 1544 2834 bc¹
1571 2772 1623 2832 viz
1642 2771 1682 2831 de

418 2879 496 2942 sono
516 2901 596 2952 suo,.
610 2901 644 2942 ac
663 2880 758 2965 magis
777 2881 827 2940 vix
848 2880 888 2940 de
905 2879 970 2942 aula
989 2878 1069 2941 exire
1091 2882 1188 2963 potuit
1208 2901 1276 2964 prae
1298 2877 1487 2942 multitudine
1506 2876 1684 2946 turbarum,

415 2990 446 3044 dr
466 3005 578 3068 semper
598 2987 710 3069 Regem
730 3005 820 3046 manu
838 3005 889 3048 sua
916 2985 1031 3046 sinistre
1059 2983 1218 3046 deducebat
1240 3003 1392 3067 usquequo
1410 2982 1487 3066 apud
1508 2979 1615 3042 lelium
1629 2999 1676 3056 pa·

417 3090 542 3152 cementi
563 3088 701 3160 filerunt,
720 3089 770 3152 uhi
795 3093 875 3174 Rege
895 3111 962 3152 cum
990 3088 1198 3150 Cardinalibus
1224 3087 1348 3150 dimisso
1378 3087 1461 3148 exuit
1490 3093 1675 3170 paramenta:

413 3192 535 3258 interint
555 3215 626 3257 vero
646 3199 709 3257 Rex
730 3195 767 3255 ad
779 3192 959 3264 fenestram,
977 3215 1048 3274 quae
1069 3214 1155 3274 supra
1173 3191 1298 3274 plateam
1320 3191 1514 3275 respiciebat,
1532 3179 1649 3244 accessit
1669 3233 1680 3261 ‚
1782 3207 1785 3213 ·

415 3304 444 3360 Ιι
468 3303 546 3384 Papo
566 3321 634 3362 mox
656 3299 694 3362 ad
712 3321 782 3362 eum
802 3299 921 3361 acressit
939 3297 1127 3360 amicabiliter
1149 3293 1355 3366 confabulans,
1389 3301 1419 3354 dc
1448 3289 1519 3372 quid
1538 3283 1680 3346 timebam

414 3421 458 3466 ne
476 3421 631 3488 propterea
649 3400 727 3465 forte
745 3403 846 3464 rolens
867 3405 977 3486 Regem
999 3402 1142 3464 honorare
1159 3419 1279 3462 monum
1300 3419 1383 3461 suam
1402 3387 1623 3478 quodammodo
1639 3385 1678 3447 ad

413 3507 548 3570 Biretum
568 3525 747 3592 apponeret,
769 3509 844 3570 sicut
864 3507 995 3590 saepius.
1015 3512 1044 3565 δι
1066 3504 1146 3588 quasi
1167 3523 1278 3585 semper
1299 3498 1425 3563 faciebat
1455 3501 1531 3580 Papa
1553 3493 1681 3555 Alexan·

415 3606 467 3672 det
487 3631 556 3672 curn
577 3615 658 3694 Rege
677 3611 804 3682 carolo,
825 3608 965 3671 admonui
984 3629 1021 3670 ne
1041 3608 1074 3669 id
1094 3605 1216 3678 faceret,
1237 3605 1373 3690 quinimo
1397 3615 1533 3667 careret.
1560 3615 1599 3658 ne
1615 3595 1679 3676 ipse

417 3714 489 3776 lesu
508 3713 620 3777 Christi
640 3715 770 3778 vicarius
792 3718 826 3778 in
845 3715 961 3800 publico
982 3713 1109 3794 aliquem
1128 3711 1225 3772 anum
1251 3708 1432 3772 reverentiae
1458 3703 1593 3766 adversus
1622 3699 1681 3756 Re·

415 3833 502 3900 gem,
519 3837 574 3880 nee
592 3819 684 3880 etiam
704 3823 912 3903 lmperatorem
933 3835 1187 3901 quantuncumpue
1207 3831 1381 3878 coronatum
1406 3794 1571 3865 “hibffltr
1591 3808 1680 3879 1³¹⁰&

411 3937 477 3982 non
495 3920 628 3984 exhibuit
648 3922 681 3982 in
702 3925 822 4005 publico
839 3925 943 3984 saltem
961 3940 1103 4004 quantum
1125 3915 1301 3980 νων-Μ’·
1325 3897 1426 3975 mque
1444 3893 1519 3960 fa&
1548 3900 1682 3960 “malu-
1776 3928 1779 3935 ·

412 4013 542 4077 tatione.
564 4024 642 4090 rapa
658 4023 821 4069 lemn-u..
840 4028 970 4084 nsgem,
987 4017 1020 4090 ¹ot
1049 3999 1213 4083 Collegium
1245 3999 1446 4062 Cardinalium
1466 4020 1536 4062 eum
1555 4001 1675 4061 reduxit

418 4116 453 4182 ir
472 4132 597 4178 cameras
615 4129 680 4173 suas
697 4151 708 4181 ‚
723 4106 825 4170 ordine
843 4127 904 4194 quo
923 4128 942 4170 a
961 4107 1039 4190 Papa
1054 4102 1090 4169 in
1111 4103 1212 4168 urbem
1232 4120 1390 4173 venerunt.
1408 4103 1461 4168 sed
1480 4103 1595 4190 quando
1606 4107 1674 4167 Rex

338 4357 1051 4390 W

336 4547 383 4636 ζ’)
402 4549 572 4613 Νοιηῑηανὶτ
588 4563 680 4611 autent
702 4549 838 4610 Granius
859 4549 970 4616 Ducem
991 4552 1025 4615 de
1044 4547 1205 4622 nortona,
1226 4545 1341 4610 Ducem
1359 4529 1677 4618 Aurelianorum&

243 4681 252 4713 s
418 4635 610 4715 thuregum
627 4634 662 4698 de
687 4633 858 4730 Vallelrm
871 4670 886 4695 ο
1614 4647 1618 4659 ·
