4386 5838
630 718 676 788 80
1015 718 1041 785 L
1090 721 1117 788 E
1166 717 1198 784 0
1247 716 1276 782 Ν
1326 713 1411 783 l·S
1478 704 1529 773 dl.

569 835 715 910 consilia
739 835 939 911 Pontifici'sr
961 837 1099 926 perinde
1126 855 1238 914 tarnem
1258 835 1469 927 ¹loquebatur
1484 851 1572 922 ,cum
1606 821 1783 894 Gallorum
1806 815 1933 908 Regis..

570 959 727 1049 tegatis,
751 959 845 1050 quasi
866 959 1039 1047 publicae.
1051 957 1289 1050 tranquillitati
1311 957 1415 1024 unice
1438 952 1619 1030 studeret,
1660 949 1693 1014 dt
1730 935 1908 1012 nascentes
1995 1031 1998 1037 Δ

568 1081 798 1150 dissensiones
828 1075 985 1164 extingui
1004 1095 1173 1165 cuperet.
1197 1065 1311 1144 Nihilo
1337 1089 1450 1140 tamen
1491 1073 1603 1136 minus
1645 1060 1785 1126 Caesari
1802 1095 1813 1129 ‚
1851 1057 1912 1140 qul
2022 1091 2028 1106 ·

566 1223 643 1272 cum
666 1201 739 1270 suis
766 1197 872 1288 copiis
895 1199 1045 1268 Venetos
1066 1197 1231 1280 vexabat,
1256 1193 1348 1264 haud
1373 1185 1545 1262 recusavit
1562 1180 1717 1272 equitnm
1734 1169 1907 1258 subsidia,
1980 1212 1984 1224 »

495 1331 501 1343 “
565 1344 713 1414 quorum
741 1319 914 1410 imperium
939 1320 1029 1396 dedit
1051 1318 1172 1393 Troilo
1196 1313 1360 1388 Sabellio,
1390 1306 1512 1382 Achilli
1536 1298 1735 1378 Taurellio,
1761 1301 1794 1365 δι
1826 1295 1910 1364 Mo-

564 1447 613 1516 tio
636 1443 851 1527 Columnae,
873 1464 961 1536 quae
987 1465 1040 1514 res
1063 1439 1235 1512 Venetis
1227 1435 1319 1528 rpsis
1329 1433 1400 1504 fnit
1415 1425 1677 1502 molestissima
1701 1417 1830 1498 Bellum
1845 1437 1910 1486 ua

566 1567 656 1636 rium
682 1565 769 1652 suit,
796 1561 951 1656 nihilque
975 1563 1104 1654 gratius
1134 1559 1249 1636 Leoni
1277 1556 1447 1636 accidere
1457 1552 1598 1645 potuit,
1623 1566 1726 1640 quant
1749 1561 1785 1610 se
1813 1535 1908 1606 arbi·
1931 1617 1936 1625 Ι

563 1703 653 1756 ιιιιιιι
683 1687 882 1755 invocatum
908 1685 950 1756 ad
976 1707 1016 1754 ea
1041 1681 1253 1767 definienda,
1266 1697 1381 1774 ‚quae
1392 1681 1427 1750 in
1451 1669 1720 1758 controversiam
1755 1621 1910 1730 adduce

564 1805 712 1876 bantur.
737 1806 863 1876 Eodem
887 1823 1037 1895 tempore
1062 1803 1441 1896 postularunnquoque
1467 1795 1640 1870 arbitrium
1657 1786 1747 1868 illins
1774 1781 1933 1872 Lucen-¹

563 1944 643 2010 ses,
669 1923 729 2014 qui
751 1927 797 1996 ob
823 1926 915 2014 pacis
941 1943 1078 2016 ruptam
1097 1927 1254 1999 Pisato'
1245 1949 1281 1997 m
1303 1923 1393 1996 bello
1429 1921 1526 1992 fidem
1561 1910 1703 1986 moleste
1743 1897 1910 1992 rogaban

562 2063 619 2116 tur
646 2068 666 2114 a
690 2044 919 2134 Florentinis,
941 2065 981 2118 ιιι
1005 2048 1068 2121 sibi
1089 2047 1309 2140 restituerent
1332 2044 1542 2114 dominatum
1566 2038 1686 2104 Petrae
1711 2021 1852 2096 Sandlae
1876 2021 1910 2087 ἃ

563 2167 737 2238 Moeroni.
765 2171 910 2242 Curavit
943 2171 1079 2264 quidem
1103 2171 1195 2254 Leo,
1221 2184 1260 2238 ut
1285 2163 1410 2254 oppida
1430 2139 1681 2238 redderentur,
1705 2165 1862 2238 utque
1831 2155 1908 2208 sta

564 2285 656 2359 bilis
667 2313 705 2360 ac
733 2312 931 2382 perpetua
918 2292 1006 2362 inter
1029 2315 1092 2362 eos
1114 2309 1207 2362 esset
1232 2285 1436 2366 concordia.

630 2413 858 2505 ‘'Quantnm
867 2437 982 2497 voce,
1011 2413 1165 2500 viribus,
1195 2412 1312 2500 spiritu
1338 2413 1369 2480 δι
1392 2406 1507 2496 lingua
1532 2413 1689 2489 poterat,
1712 2384 1830 2460 conari
1857 2384 1926 2471 vi·,

563 2533 707 2608 debatur
737 2535 922 2618 Pontifex,
947 2554 986 2607 ut
1012 2536 1135 2624 pacis,
1159 2531 1387 2609 concordiae,
1412 2516 1673 2612 compositionis
1697 2514 1786 2585 inter
1812 2502 1923 2577 Chri·-

564 2651 695 2726 stiinos
722 2658 893 2746 Principes
929 2658 1045 2728 audior.
1075 2680 1151 2728 esse
1177 2655 1368 2726 diceretur.
1395 2651 1487 2722 Cum
1507 2655 1661 2712 cerneret
1687 2654 1770 2702 vero
1799 2623 1922 2716 mani-¹

562 2798 615 2844 me
637 2778 838 2848 inclinatum
864 2780 964 2869 Regis
988 2777 1166 2848 Gallorum
1187 2775 1332 2845 animum
1356 2767 1400 2838 ad
1425 2760 1643 2853 repetendam
1667 2752 1823 2832 ltaliam,
1844 2768 1924 2840 qua

564 2897 666 2968 foede
690 2899 806 2988 pulsus
833 2899 972 2981 suerat,
991 2898 1157 2990 Neapoli,
1185 2895 1383 2989 Mediolano
1424 2895 1457 2960 er
1487 2891 1611 2957 Genua
1636 2875 1789 2966 amissis,
1814 2863 1921 2962 nihil3

563 3041 633 3108 que
657 3039 733 3089 non
745 3043 875 3152 agere,
900 3043 940 3093 ιιι
966 3019 1094 3094 Veneti
1112 3020 1234 3110 aliique
1260 3011 1379 3102 populi
1403 3031 1520 3080 secum
1554 3003 1754 3072 societatem
1779 2996 1819 3069 δι
1842 2985 1921 3059 soe

566 3141 666 3210 dus?
657 3140 807 3230 inirent,
823 3165 989 3234 cumque
1016 3143 1116 3232 ipse
1122 3135 1338 3232 quotidianis
1364 3126 1524 3220 precibus
1567 3116 1841 3188 sollicitaretur,
1869 3127 1920 3196 ne

562 3261 778 3349 expeditioni
800 3261 1081 3351 impedimentum
1107 3263 1269 3341 afferret,
1294 3251 1388 3324 omni
1413 3269 1518 3337 opera
1544 3240 1607 3310 sibi
1631 3229 1831 3328 enitendum
1853 3249 1918 3316 pue

566 3375 675 3468 tavii,
700 3401 739 3454 ut
763 3385 847 3455 ad
839 3385 1016 3455 rmminens
1052 3377 1241 3472 periculum
1281 3391 1405 3448 cantus
1438 3385 1559 3448 esset,
1563 3357 1818 3446 nullamque
1817 3349 1918 3436 Regi

564 3500 692 3572 inimici
711 3503 815 3575 animi
840 3503 1064 3592 suspicionem
1087 3502 1205 3572 daret
1220 3496 1359 3570 Multae
1385 3487 1537 3584 prosena
1564 3505 1633 3555 res
1641 3469 1915 3553 dehortabantur

566 3619 765 3694 Pontificem
785 3647 811 3694 a
830 3627 995 3696 societate
1017 3623 1215 3704 Gallorum
1233 3613 1429 3703 recordatio
1450 3603 1713 3698 praetentorum
1727 3590 1916 3696 malorum,

565 3739 699 3866 qbae”
681 3765 775 3830 ipse,
801 3764 877 3814 tora
899 3746 975 3838 ejus
1000 3743 1153 3821 familia,
1179 3734 1399 3820 Florentini
1396 3730 1470 3814 sui,
1497 3733 1546 3798 δι
1556 3713 1721 3808 universa
1748 3709 1847 3804 ltalia
1871 3707 1915 3778 ab

564 3849 608 3923 tis
632 3865 784 3949 perpessi
811 3863 970 3952 fuerant,
974 3849 1080 3936 male
1105 3855 1182 3934 tuta
1205 3860 1318 3976 fr'des
1310 3874 1481 3948 rpsorum,
1505 3867 1566 3924 tot
1582 3857 1678 3936 gesta
1694 3833 1750 3910 vel
1773 3845 1916 3926 proptet

564 3965 846 4086 iritumMr'antetn
880 3987 1101 4078 superbiam,
1133 3947 1189 4054 vel
1229 3996 1369 4084 propter
1395 3971 1627 4057 utilitatem,
1662 3979 1766 4055 quam
1817 3967 1920 4022 ιιιιιιθ

565 4093 781 4165 consuluisse
816 4103 1019 4174 uidebantur
1048 4105 1077 4172 si
1110 4100 1249 4196 quando
1279 4096 1453 4182 M'ediceis
1487 4089 1613 4164 auxilia
1649 4079 1920 4173 praebuerunt

567 4211 686 4303 ιιιιιιιθ
720 4238 833 4287 manus
864 4218 1044 4330 dubitabat
1068 4222 1265 4292 Ludovicns
1298 4216 1361 4288 de
1363 4211 1550 4322 Pontificis
1572 4207 1715 4294 animo,
1750 4185 1921 4285 augebat«-

569 4353 638 4422 ‘lue
662 4332 930 4426 {suspicionem
966 4311 1062 4430 quod
1094 4362 1173 4412 cum
1214 4337 1351 4412 adse,
1374 4313 1492 4401 statim
1525 4351 1566 4396 ac
1596 4321 1755 4406 Pontifex
1782 4326 1922 4380 creatus
1975 4307 1977 4312 ’

569 4471 656 4537 est,
689 4451 842 4528 misisset
866 4457 1067 4530 familiarem
1103 4458 1284 4550 quemdam
1315 4451 1454 4525 nomine
1483 4443 1669 4530 Cyntinm,
1689 4436 1740 4508 nil
1763 4431 1833 4508 nisi
1857 4431 1921 4500 bo·

573 4591 624 4646 tte
656 4579 759 4650 verba
789 4571 858 4657 eibi
892 4578 1063 4666 dedisset,
1096 4576 1193 4696 quod
1224 4573 1422 4669 permiserat
1454 4570 1621 4658 Prospero
1648 4539 1835 4682 Columnae
1857 4549 1925 4634 im?
1961 4661 1965 4668 μ

1814 4689 1879 4763 pe·
