4472 5828
719 637 750 702 V
844 640 861 706 l
958 638 991 710 T
1095 638 1126 708 A
1538 641 1598 721 65·
1659 651 1662 656 '

293 782 385 848 tam,
428 777 589 830 summam
614 753 654 828 ad
679 755 874 830 felicitatem
902 776 1002 850 atque
1037 756 1204 829 laetitiam
1244 779 1431 831 conversus
1458 771 1537 828 est.
1564 757 1643 826 Fuit

253 911 255 915 ’
293 882 384 956 enim
409 903 560 972 pompa,
601 876 667 949 fuit
692 884 854 972 species,
903 879 970 952 fuit
996 877 1179 948 comitatus
1218 881 1251 946 dt
1291 901 1481 948 concursus
1512 877 1635 966 dignus

293 1000 753 1092 temporibus-Reipublicae
803 1004 1014 1087 Romanae,
1061 1001 1197 1092 quando
1238 999 1358 1072 summi
1415 1004 1640 1090 tmpetatores

292 1122 338 1209 de
382 1121 482 1216 viciis
513 1121 719 1210 triumphum
740 1121 908 1212 agebant·
935 1122 1104 1192 Thracius
1130 1144 1257 1213 equus,
1301 1123 1334 1192 in
1371 1147 1441 1214 quo
1480 1119 1638 1190 Pontifex

296 1245 517 1326 vehebatur,
555 1263 680 1322 ¹secum
716 1265 791 1330 'tana
833 1261 954 1333 captus
998 1245 1040 1314 ad
1080 1245 1275 1314 Ravennam
1299 1265 1474 1334 „magno
1530 1238 1641 1329 pretio

296 1362 497 1456 redemptus
531 1385 649 1432 rursus
690 1363 860 1456 appatuit*
887 1360 995 1436 multo
1036 1382 1144 1448 aur0,
1186 1360 1370 1450 multisque
1408 1359 1546 1450 gemmis
1581 1347 1643 1429 or-'

289 1499 426 1558 natus.
452 1480 557 1564 Viae,
590 1503 649 1569 per
674 1504 759 1572 quas
785 1483 934 1552 transite¹
955 1480 1118 1566 debebdt,
1145 1481 1297 1563 aulaeis,
1322 1479 1523 1566 frondibus,
1546 1473 1641 1548 tiori·

190 1673 196 1677 .
299 1604 388 1689 bus,
415 1603 580 1686 arcubus,
607 1599 744 1691 pidiuris
775 1608 807 1674 dr
837 1603 962 1676 statuis
990 1603 1167 1695 magnifice
1193 1607 1227 1674 aa
1253 1599 1429 1690 splendide
1454 1603 1636 1671 decoratae

298 1741 427 1812 erant,
442 1745 568 1816 easque
603 1721 804 1794 incredibilis
823 1745 927 1813 prope
952 1724 1128 1794 hominum
1145 1721 1328 1794 multitudo
1344 1715 1529 1810 opplebat.
1552 1724 1643 1791 Car-

300 1840 486 1929 dinalium,
512 1845 716 1916 Antistitum
741 1851 774 1916 bt
799 1848 1010 1936 Optimatum
1035 1844 1189 1914 omnium
1215 1845 1397 1913 comitatus
1427 1845 1549 1933 equis,
1578 1863 1646 1912 ve-

300 1961 411 2032 stibus
446 1965 605 2055 omnique
630 1984 911 2036 ornamentorum
936 1987 1059 2055 genere
1085 1962 1316 2054 praefulgebat
1338 1963 1406 2048 ,bt
1431 1961 1487 2036 vel
1509 1964 1557 2046 ii,
1590 1965 1651 2052 qui

303 2081 506 2152 famulatum
531 2085 758 2170 praebebant,
792 2085 905 2154 serico
931 2088 964 2154 aa
1001 2107 1152 2172 purpura
1177 2085 1287 2154 induti
1313 2103 1449 2155 erant,
1467 2083 1642 2152 Romanae
1671 2095 1677 2111 ⁷

303 2199 477 2271 Ecclesiae
503 2201 664 2273 vexillum
690 2203 884 2292 Alphonsus
910 2205 1086 2274 Ferrariae
1111 2205 1216 2289 Dua,
1243 2227 1342 2293 quern
1369 2203 1467 2278 valde
1493 2202 1651 2276 liberali-

294 2333 357 2421 ¹ter
381 2322 450 2390 Leo
475 2322 517 2392 ad
549 2322 636 2392 hanc
662 2345 818 2412 pompam
844 2324 1077 2408 invitaverat,
1104 2324 1260 2394 Rhodiae
1285 2349 1369 2396 vero
1394 2323 1562 2406 militiae,
1588 2319 1650 2412 qui

306 2439 362 2512 uel
390 2465 409 2510 a
434 2441 578 2530 pueritia
605 2440 640 2510 iu
665 2439 756 2511 illam
777 2441 887 2514 suerat
907 2445 1118 2533 adscriptus,
1145 2443 1307 2533 praetulit
1331 2443 1651 2539 Julius-Mediceis,

306 2545 409 2651 atque
435 2583 477 2630 ex
503 2584 544 2630 eo
570 2560 624 2630 die
652 2563 1128 2668 armat-deposuitEcclesiae
1166 2547 1401 2650 militaturus,
1435 2569 1528 2638 bono
1567 2587 1650 2634 saue

308 2679 423 2782 omine
439 2729 458 2760 ,‚
473 2681 565 2760 viam
587 2679 639 2752 illi
664 2700 837 2778 stertente
854 2688 937 2778 ,Deo
963 2689 1005 2758 ad
1027 2692 1200 2762 Stunmum
1219 2689 1503 2772 ¹Pontificatum·
1529 2684 1653 2768 Adfuit

309 2804 344 2872 δι
369 2801 572 2905 franciscus
589 2803 696 2879 Maria
717 2802 859 2879 Feltrius
882 2807 1094 2886 Urbinatiutn
1109 2814 1189 2881 Dru:
1205 2863 1214 2895 ,
1230 2813 1288 2902 qui
1310 2809 1433 2882 aluiio
1471 2812 1510 2876 11.
1533 2825 1657 2894 patruo

309 2919 570 3023 Pontificiorum
595 2923 810 3000 exercituum
836 2926 1078 3018 praesentatam
1104 2930 1300 3000 obtinuerat
1324 2925 1437 3020 (25),
1468 2927 1592 3018 quique
1619 2924 1656 2994 itt

311 3038 450 3147 excelso
473 3039 576 3128 loco,
601 3049 634 3114 δι
658 3044 697 3114 in
722 3047 853 3136 magnis
891 3047 1321 3146 atlocupletibuscopiis
1357 3048 1547 3118 collocatus
1575 3045 1653 3114 for·

309 3176 418 3230 tunae
442 3163 659 3246 muneribus,
680 3171 714 3235 a<
737 3185 883 3248 maturae
902 3145 1088 3260 commodis
1106 3155 1268 3264 omuibus¹
1282 3171 1499 3243 abundabat.
1526 3165 1657 3248 Prodiit

306 3276 342 3372 ‚is
367 3282 494 3385 optime
518 3285 693 3366 vestitus,
717 3269 806 3374 palla
831 3289 988 3360 inaurata
1010 3290 1173 3376 indutus,
1200 3290 1378 3378 chlamyde
1407 3311 1578 3380 purpurea
1599 3309 1659 3356 co·

307 3394 444 3471 loribus
477 3401 582 3506 uariis
598 3389 964 3502 intexta,yvexillurn
992 3429 1112 3502 tenens
1137 3414 1354 3488 Pontificium
1388 3409 1499 3482 multo
1534 3406 1661 3502 ⁸distin·

308 3517 409 3620 ‚dium
428 3541 532 3594 auro.
559 3521 637 3594 Alia
662 3532 696 3598 bt
721 3537 927 3622 apparebant
951 3535 1104 3622 vexilla,
1125 3534 1385 3628 Mediceumque
1415 3530 1532 3623 aureis·
1552 3523 1661 3615 suige-

311 3633 376 3722 bat
400 3639 504 3728 pilis.
528 3645 699 3733 Pecunia,
725 3669 813 3739 quae
838 3671 897 3740 per
923 3651 997 3722 vias
1024 3656 1268 3746 spargebatur,
1296 3673 1425 3725 tantam
1450 3645 1664 3738 exaequabat

260 3797 263 3804 ·
316 3776 501 3848 pompam
528 3784 667 3850 centurn
692 3771 783 3846 euim
795 3768 945 3874 millibus
962 3772 1075 3846 aureis
1100 3775 1189 3854 hauc
1215 3775 1353 3849 stetisse
1379 3761 1539 3842 Pontifici
1555 3761 1665 3859 quae·

313 3891 427 3947 stores
453 3885 665 3960 affirmarunt
691 3889 799 3979 (26).
835 3893 886 3966 Ex
907 3890 963 3966 his
984 3891 1131 3994 populus
1155 3896 1219 3966 sibi
1246 3918 1328 3968 vere
1349 3889 1580 3984 augurabatur
1596 3907 1666 3959 au·-

312 4017 375 4064 rea
400 3997 475 4068 fore
501 4021 654 4092 tempora
680 3992 833 4092 Leonis,
857 4027 982 4089 contra
1007 4013 1246 4104 prudentiores
1274 4014 1418 4110 aiebant.
1434 4027 1503 4081 tam
1542 4001 1670 4095 profu·

309 4127 374 4178 sos
400 4137 556 4204 sumptus
582 4123 721 4194 minime
747 4125 943 4206 Ponuficiae
964 4134 1127 4224 gravitati
1153 4135 1362 4218 convenire,
1387 4151 1452 4201 nec
1469 4127 1656 4200 teutoe‘um

318 4231 554 4325 conditionem
581 4239 695 4330 ferre,
721 4265 760 4317 ut
785 4247 931 4338 pecunia
955 4273 1079 4347 magno
1105 4275 1209 4344 opere
1235 4276 1255 4323 a
1279 4250 1368 4324 lulio
1406 4219 1542 4294 “mia
1583 4246 1659 4314 1³⁰⁵·

209 4443 218 4454 .
316 4368 395 4422 sum
418 4353 581 4429 daretur.
607 4363 652 4431 Αῑ
675 4387 747 4449 tlon
773 4387 954 4458 propterea
977 4372 1093 4454 minus
1119 4373 1240 4466 justa*
1263 4359 1328 4407 ⁰²⁰¹
1357 4361 1512 4415 nussam
1537 4367 1656 4434 POPU‘

316 4462 389 4548 lum
410 4476 507 4557 omni
531 4476 751 4576 tutulum,
775 4511 902 4566 mma
925 4489 989 4542 „aa
1012 4455 1206 4538 reuerendi
1226 4478 1303 4536 esse
1326 4457 1536 4545 existimavit
1560 4465 1657 4554 Porrv
