4472 5828
647 601 687 670 16
1029 605 1055 670 L
1106 604 1142 675 E.
1181 603 1211 670 0
1255 605 1290 672 ·N
1340 606 1354 674 l
1403 602 1427 669 S
1497 605 1538 682 li.

591 721 727 800 l‘etrum
757 721 891 793 fratrem
920 718 1326 816 designatumlegatum
1356 729 1432 794 cunt
1465 721 1541 794 aliis
1565 726 1715 816 quinque
1756 725 1930 813 primariis

595 841 740 939 virisad
766 841 961 910 Pontificem
994 824 1132 932 ipsum,
1157 867 1280 937 rogans
1306 867 1408 922 eum,
1434 863 1472 914 ut
1498 842 1657 941 quoniam
1681 868 1795 920 rumor
1834 869 1931 936 spar·
2013 873 2016 880 ·

595 983 653 1028 sus
678 983 750 1032 erat
774 961 874 1046 sore,
903 982 939 1034 ut
963 963 1032 1034 bini
1057 963 1098 1034 de
1122 961 1250 1044 latere,
1287 966 1569 1056 quemadmodum
1605 964 1838 1058 appellantur,
1876 967 1936 1038 Le·

561 1080 565 1088 '
593 1084 662 1170 gati
686 1084 720 1153 in
746 1082 891 1154 Galliam
906 1082 1146 1165 mitterentur,
1168 1085 1262 1154 omni
1283 1084 1397 1154 stttdio
1419 1103 1580 1164 curaret,
1606 1105 1644 1158 ut
1661 1088 1731 1178 ipse
1754 1067 1935 1176 hujusmo-

596 1201 630 1270 di
656 1225 792 1274 munere
817 1203 1057 1285 decoraretur,
1097 1205 1176 1296 quia
1211 1205 1410 1294 desperabat
1438 1228 1474 1276 se
1516 1227 1615 1294 posse
1649 1208 1801 1283 Romae,
1834 1207 1932 1288 omni

579 1308 685 1390 'bona
711 1311 781 1392 arte
809 1323 843 1392 in
868 1322 1007 1397 exilium
1030 1323 1122 1412 atla,
1155 1348 1231 1398 curn
1261 1323 1425 1416 dignitate
1454 1324 1566 1398 vivere
1591 1324 1709 1418 (tt).
1744 1329 1832 1402 Tum
1857 1330 1936 1419 qui-

596 1441 669 1510 dem
700 1443 876 1533 ignorabat
907 1445 1186 1536 loannes‚‚quid
1219 1445 1329 1520 animo
1369 1441 1545 1522 ¹volutaret
1586 1445 1778 1519 Pontifex.
1819 1448 1933 1524 Facile

596 1560 730 1650 quidem
762 1563 956 1648 praevidere
985 1582 1120 1651 poterat
1151 1563 1368 1636 ambitionem
1393 1571 1426 1636 dt
1452 1565 1626 1640 avaritiam
1648 1588 1735 1638 eum·
1761 1567 1803 1647 ad
1825 1566 1935 1658 quod·

595 1680 646 1748 vis
672 1678 872 1750 maleficium
895 1683 1120 1771 impulsuras.
1154 1687 1223 1755 Nec
1259 1685 1428 1782 mediocre
1460 1704 1580 1779 postea
1622 1709 1703 1758 suae
1737 1686 1935 1778 improbita-

597 1796 641 1868 tis
683 1799 846 1870 indicium
872 1800 987 1884 dedit,
1019 1825 1093 1874 cum
1129 1826 1188 1894 spe
1214 1803 1382 1894 ¹depulsus
1414 1804 1514 1876 dandi
1541 1806 1575 1876 in
1601 1807 1852 1886 matrimonium
1868 1809 1930 1892 uni

600 1942 642 1988 ex
678 1919 749 1990 suis
786 1919 901 1990 liberis
942 1922 1108 2012 Alphomi
1142 1915 1318 1994 Calabriae
1357 1924 1465 1994 Ducis
1499 1923 1622 2009 filiam,
1661 1929 1694 1996 er
1727 1925 1932 1996 Ferdinandi

597 2037 901 2127 Neapolitanorum
940 2042 1040 2134 Regis
1080 2063 1245 2136 neptem,
1279 2063 1375 2114 tanta
1412 2044 1577 2114 exarserit
1613 2045 1691 2126 ira,
1728 2061 1789 2124 ut,
1823 2043 1936 2112 homi-

601 2159 700 2232 nibus
739 2159 807 2232 sibi
839 2160 914 2231 fidis
948 2164 989 2232 in'
1020 2163 1163 2234 Galliam
1195 2163 1334 2248 missis,
1364 2185 1421 2252 per
1451 2185 1509 2234 eos
1547 2163 1661 2234 Caroli
1698 2161 1798 2255 hujus
1831 2157 1938 2228 nomi·

600 2282 650 2356 uis
688 2281 771 2352 Vlll.
804 2284 906 2375 Regis
941 2270 1089 2354 animum
1122 2283 1338 2359 sollicitare,
1371 2280 1476 2352 multa
1513 2281 1690 2370 polliceri,
1727 2297 1766 2348 ut
1794 2291 1936 2367 regnunt

599 2401 902 2494 Andegavensibus
947 2423 1128 2493 ereptum,
1164 2404 1297 2495 sibique
1344 2400 1492 2471 familiae
1529 2400 1602 2490 jure
1638 2399 1787 2470 debitum
1830 2419 1937 2468 recu-

601 2540 763 2611 peraret:
805 2521 854 2592 illi
898 2525 1023 2594 omniav
1050 2523 1086 2594 in
1125 2543 1283 2614 promptu
1325 2543 1428 2600 esse,
1469 2540 1576 2607 opes,
1622 2517 1831 2598 exercitum,
1867 2517 1935 2587 du·

602 2663 686 2728 ces,
730 2659 925 2728 tormenta,
960 2645 1001 2714 bc
1036 2645 1130 2736 quod
1169 2640 1388 2732 praecipuum
1417 2655 1490 2708 erat
1529 2639 1658 2731 Regem,
1693 2636 1803 2725 ipsum
1833 2635 1939 2726 impa-

597 2777 738 2844 ratum,
769 2760 874 2835 sociis
918 2781 1018 2854 atque
1056 2761 1265 2854 principibus
1310 2759 1354 2830 ob
1386 2757 1578 2848 superbiam
1617 2776 1719 2850 atque
1758 2755 1935 2826 avaritiam

589 2879 694 2972 ,iuxta
723 2880 897 2972 invisum,
935 2881 1170 2952 tautummodo
1213 2879 1352 2968 incepto
1394 2899 1481 2968 opus
1524 2899 1623 2960 esse,
1661 2893 1777 2946 cetera
1818 2871 1935 2944 caele-

598 3017 671 3072 stes
710 2997 838 3072 alieuae
878 2999 1119 3076 dominationis
1157 2997 1313 3069 vindices
1352 3015 1530 3093 gesturos.
1569 2995 1657 3069 Satis
1696 3012 1834 3080 constat
1859 2987 1937 3084 Ale·

601 3116 792 3204 xandrum,
827 3136 867 3188 ut
893 3137 965 3188 erat
1004 3118 1141 3210 ingenio
1178 3114 1348 3199 subdolo,
1372 3115 1426 3196 his
1458 3113 1562 3206 magis
1587 3137 1686 3183 usum
1721 3111 1828 3182 fuisse
1859 3110 1939 3202 pol-

599 3236 884 3324 licitationibus,
911 3263 981 3332 quo
1014 3225 1225 3328 Alpbonstrm
1263 3255 1356 3308 metu
1379 3233 1555 3306 Gallorum
1582 3233 1797 3326 perterritum
1834 3231 1941 3302 affini·

602 3369 674 3427 tate
701 3357 774 3448 ⁸sibi
808 3357 1026 3450 adjungeret,
1057 3381 1159 3450 quam
1194 3357 1296 3441 odio,
1313 3375 1372 3428 aut
1402 3355 1551 3427 amicitia
1585 3371 1801 3446 permotum.
1823 3347 1939 3422 Prose-

515 3505 516 3508 “
601 3474 655 3548 tto
681 3501 751 3552 nort
776 3478 895 3550 fuisset
929 3502 1040 3571 neque
1072 3477 1257 3561 utilitatis,
1287 3501 1398 3570 neque
1430 3477 1557 3570 ingenii
1579 3451 1832 3549 loannis'haec
1860 3489 1941 3542 tra-

600 3594 710 3684 dlare,
734 3603 769 3670 dt
801 3600 928 3670 servire
945 3596 1191 3674 immoderatis
1216 3597 1398 3668 Alexandri
1428 3595 1691 3687 cupiditatibus.
1718 3592 1945 3663 Vehementer

602 3731 714 3786 tamen
743 3718 904 3804 optabat,
933 3711 1156 3804 trt'Petr'us‚
1189 3719 1270 3804 dtttn
1296 3715 1626 3807 magnificentissima
1659 3713 1831 3806 legatione
1868 3710 1946 3780 sun·

601 3811 952 3928 gebatur‚·gratiam
985 3837 1026 3908 ab
1062 3837 1182 3906 eodem
1228 3836 1353 3906 iniret.-
1390 3859 1468 3906 nam
1505 3836 1547 3905 iis
1589 3832 1799 3924 temporibus
1847 3843 1944 3900 tanta

603 3971 676 4022 erat
706 3957 936 4028 Romanorum
968 3958 1171 4029 Pontificum
1208 3955 1417 4038 animitas,
1457 3973 1561 4045 atque
1599 3971 1777 4041 potestas,
1812 3969 1851 4021 ut
1885 3949 1945 4018 sa·

607 4069 730 4142 tillime
764 4081 797 4146 δι
824 4076 949 4149 bellum
980 4079 1160 4160 excitare,
1189 4083 1223 4148 st
1259 4073 1420 4144 Italorum
1461 4073 1655 4161 Principum
1693 4069 1868 4141 fortunam
1906 4068 1941 4136 in

606 4191 787 4263 discrimen
818 4218 943 4268 vocare
974 4201 1194 4287 potuissent.
1229 4197 1307 4288 Egit
1336 4196 1472 4288 quidem
1501 4215 1601 4282 saepe
1641 4213 1718 4262 cum
1746 4211 1788 4260 eo
1825 4190 1943 4256 Petrus

606 4309 648 4387 de
678 4311 873 4386 Italicarum
903 4339 1015 4386 rerum
1048 4336 1163 4402 statu,
1187 4324 1221 4388 bc
1259 4315 1299 4388 de
1327 4313 1508 4394 consiliis,
1534 4335 1622 4404 quae
1651 4311 1779 4401 agitare
1807 4307 1946 4378 videba-

525 4519 526 4526 χ
609 4455 664 4512 tur
707 4434 900 4510 ludovicus
946 4434 1074 4506 Sfortia
1120 4438 1162 4508 ad
1212 4459 1248 4506 se
1287 4459 1322 4506 se
1375 4439 1410 4507 in
1455 4431 1762 4507 Mediolanensium
1803 4425 1944 4531 impe-rio

608 4571 731 4645 goutte
750 4555 805 4652 jus
836 4556 955 4650 sasque
981 4557 1102 4645 (istud
1124 4556 1216 4632 enirn
1243 4554 1361 4626 loanni
1381 4553 1539 4626 Galeatio
1559 4549 1688 4624 Mariae
1713 4544 1829 4619 fratris
1851 4541 1943 4620 filio,

1827 4683 1896 4734 eu·
