4386 5838
600 792 602 796 .
760 719 791 790 V
884 727 903 796 ,1
999 722 1032 794 Τ
1130 723 1160 792 Α
1252 781 1260 796 ,
1313 757 1315 761 ·
1529 739 1593 798 tot

324 838 531 925 sentcntiae,
556 861 658 934 qctam
678 833 713 920 in
739 841 814 932 ipso
838 843 964 912 Senatu
988 839 1153 912 adversus
1179 843 1310 912 Ducem
1331 839 1432 926 tulit,
1456 838 1576 912 amissa
1610 839 1651 908 ab

322 937 513 1056 eo'jnrain
537 957 756 1030 Laurentium
787 959 1018 1047 transferens,
1042 961 1135 1056 quod
1171 961 1370 1034 beneficium
1404 957 1472 1031 alio
1513 979 1650 1050 quoqne

322 1078 533 1166 cumulavit,
560 1093 634 1150 cum
659 1077 776 1150 eodem
800 1100 951 1170 tempore
978 1081 1041 1172 ipsi
1064 1083 1161 1154 Urbis
1179 1083 1440 1174 pracledlnram,
1458 1101 1560 1171 quam
1576 1097 1650 1168 ges·

319 1217 411 1270 serat
434 1198 605 1285 lulianus,
631 1197 836 1270 detulisset.
860 1199 924 1272 Sed
948 1201 1033 1272 haec
1060 1179 1227 1288 felicitas,
1265 1199 1549 1296 quemadmodum
1591 1197 1653 1269 de·

321 1318 605 1402 monstrabimus,
627 1317 741 1390 minus
769 1318 818 1390 illi
849 1319 916 1392 fuit
940 1321 1125 1394 diuturna.

326 1515 328 1520 ,
416 1441 525 1532 Aegre
550 1440 686 1532 quidem
706 1437 786 1512 tulit
811 1437 943 1524 Galliae
968 1440 1040 1512 Rex
1065 1464 1127 1512 sua
1154 1443 1348 1532 praesertim
1375 1463 1496 1512 caussa
1519 1439 1652 1532 spolia·

318 1575 389 1630 tum
418 1559 773 1632 Urbinatiumditione
794 1557 901 1634 fuisse
925 1559 1144 1631 franciscum
1169 1562 1336 1648 Mariam,
1370 1561 1428 1654 qui
1454 1559 1481 1629 si
1501 1563 1535 1632 in
1556 1581 1653 1648 prae·

317 1676 429 1750 sentia
452 1679 695 1772 quiescendum
720 1681 877 1770 putavit,
901 1680 992 1754 haud
1021 1681 1190 1752 diffidebat
1209 1680 1284 1752 sore
1308 1701 1462 1770 tempora
1500 1679 1652 1770 propitia

237 1871 251 1878 ,
307 1796 361 1868 ’τιὸ
384 1797 508 1869 antisse
530 1799 779 1890 recuperanda.
805 1802 877 1872 Hac
902 1823 958 1890 spe
984 1823 1083 1892 saepe
1114 1803 1156 1872 de
1182 1803 1252 1874 suis
1284 1797 1415 1896 injuriis
1441 1823 1481 1870 ac
1506 1799 1649 1872 miseriis

315 1920 405 2008 apud
430 1921 539 2010 ipsum
564 1925 688 2014 Regem
713 1920 931 2014 deploravit,
955 1901 1171 2014 aliorumque¹
1198 1921 1392 2012 implorauit
1411 1920 1530 2004 fidem,
1557 1941 1645 2014 quot

313 2016 384 2110 ndn
409 2037 540 2113 laturos
565 2043 749 2134 sperabat,
774 2043 865 2136 quod
892 2045 1006 2118 onmia
1038 2065 1100 2116 sua
1126 2041 1338 2126 commoda,¹
1347 2045 1422 2137 jura
1455 2063 1494 2110 ac
1533 2038 1649 2111 sorru-
1728 2129 1730 2135 ,

254 2179 261 2189 ·
312 2183 374 2231 nas
400 2161 502 2234 unius
526 2163 710 2256 iniquitate
737 2187 776 2234 ac
801 2161 942 2234 libidine
967 2149 1189 2254 perdidisset.
1215 2163 1332 2254 Neque
1363 2161 1435 2253 ejus
1458 2185 1574 2232 casnm
1595 2159 1650 2230 ln·

313 2263 469 2371 filumque
491 2282 725 2357 tantummodo
754 2281 862 2354 doluit
887 2283 1089 2355 Frartciscus
1116 2286 1213 2366 Rex,
1245 2281 1306 2353 sed
1337 2281 1440 2362 ctiam
1465 2277 1649 2352 infidelita·

310 2417 379 2488 tem
404 2401 597 2487 Pontificis,
620 2403 702 2495 quia
727 2399 863 2474 minime
889 2403 1086 2495 ignorabat,
1113 2406 1189 2496 ipso
1215 2405 1385 2498 conscio,
1409 2403 1501 2474 novi·
1517 2399 1643 2493 aliquid

309 2520 352 2592 ab
377 2521 579 2610 adversariis
611 2519 683 2591 suis
714 2519 790 2592 iniri
811 2521 948 2594 consilii
985 2525 1027 2594 ad
1052 2525 1253 2616 occupanda
1288 2519 1455 2594 nonnulla
1483 2517 1647 2592 Mediola-

240 2693 248 2700 .
307 2623 421 2732 nensis
448 2639 590 2711 ditionis
611 2638 715 2726 loca,
741 2638 919 2742 egisseqtre
944 2643 1097 2714 eumdem
1123 2667 1201 2716 cum
1237 2641 1362 2715 Carolo
1404 2637 1643 2728 Hispaniarum

305 2761 423 2854 Rege,
450 2783 493 2832 ne
519 2783 596 2830 curn
617 2757 726 2829 Gallis
752 2758 872 2830 foedus
896 2761 1018 2842 iniret,
1042 2767 1076 2834 δι
1100 2761 1258 2832 stimulos
1282 2759 1449 2832 addidisse
1475 2757 1642 2831 Helvetiis

305 2903 366 2978 per
390 2880 536 2950 Ennium
559 2877 729 2956 Veruland
747 2881 973 2970 Episcopum,
1000 2901 1039 2950 ut
1064 2881 1222 2955 Caesaris
1250 2879 1435 2950 amicitiam
1458 2897 1644 2968 sequeren·
1701 2867 1703 2874 ’

305 3018 381 3070 tur.
407 2997 522 3075 Nihilo
548 3021 661 3072 tamen
687 3001 797 3072 minus
822 3023 885 3072 sua
908 3002 1076 3072 interesse
1100 2999 1237 3092 putavit
1262 2997 1398 3072 minime
1437 2995 1516 3072 irati
1540 2997 1641 3069 animi

303 3120 403 3213 signa
426 3117 507 3192 dare
531 3121 566 3191 in
589 3143 692 3208 eum,
723 3119 820 3214 cujus
848 3121 1082 3194 audieritatem
1108 3121 1198 3192 inter
1223 3143 1338 3192 omnes
1360 3101 1516 3208 Europae
1539 3117 1641 3197 Prin-

306 3238 603 3332 cipesplurimum
627 3238 766 3326 valere,
793 3241 956 3332 cujusque
982 3262 1051 3312 tam
1076 3241 1245 3335 egregiam
1275 3242 1311 3314 in
1336 3263 1372 3312 se
1396 3239 1639 3322 voluntatem,

299 3363 382 3447 dum
407 3363 582 3434 Bononiae
608 3359 700 3448 snit,
737 3379 975 3452 perspexerat.
1013 3365 1163 3434 Tantum
1198 3385 1300 3455 porro
1340 3359 1391 3431 illi
1431 3357 1569 3441 tribuit,
1598 3373 1638 3426 ut

301 3471 451 3574 ejusdem
490 3481 648 3573 precibus
689 3483 889 3555 abstinuerit
912 3484 953 3553 ab
992 3480 1374 3582 inserendisgmolestiis
1405 3475 1636 3563 Mirandulae,

301 3600 431 3692 Carpi,
454 3607 489 3675 bt
514 3603 669 3696 Corregii
699 3604 875 3688 Dominis,
900 3624 986 3696 quos
1011 3599 1172 3672 Pontifex
1197 3623 1292 3671 suam
1318 3601 1352 3670 in
1374 3596 1565 3671 clientelam
1582 3615 1638 3669 tn·

300 3705 467 3813 telamque
490 3741 684 3813 receperat.
714 3723 768 3794 Ad
789 3723 822 3793 id
846 3739 1018 3816 quotquot
1041 3719 1215 3793 Massiliae
1237 3722 1383 3792 habebat
1409 3741 1514 3792 naves
1534 3741 1571 3790 se
1598 3717 1660 3790 iu·

298 3837 548 3928 expeditionem
597 3840 796 3916 edudlurum
842 3842 997 3932 promisit
1048 3837 1090 3912 ad
1146 3839 1384 3912 continendam
1436 3843 1635 3912 Maurorum

297 3948 496 4058 audaciam,
521 3961 579 4052 qui
605 3963 761 4034 ardentes
789 3963 934 4034 avaritia
958 3984 1048 4032 mare
1073 3958 1237 4032 infestum
1255 3963 1451 4040 habebant,
1475 3980 1536 4048 pro
1561 3975 1632 4046 qua

295 4083 392 4153 re&
418 4079 560 4151 classem
584 4080 739 4152 Pontifex
765 4083 835 4172 ipse
860 4081 1023 4153 instruxit
1037 4131 1046 4164 ,
1072 4079 1129 4151 cui
1151 4079 1314 4171 praefecit
1333 4079 1538 4150 Fridericum
1553 4077 1633 4146 Fre·

287 4197 430 4293 gosium
460 4200 771 4292 Archiepiscopum¹
786 4201 1059 4287 salernitanum,
1087 4205 1121 4271 bc
1148 4201 1287 4276 navium
1326 4194 1521 4268 strbsidiaa
1556 4197 1632 4265 Ge-

131 4374 134 4382 ,
187 4381 197 4392 .
294 4319 480 4392 nuensibus
506 4319 679 4389 obtinuit.
708 4319 819 4390 Multa
843 4320 878 4388 in
898 4320 966 4392 hoc
992 4319 1161 4390 maritimo
1198 4317 1288 4391 bello
1324 4319 1497 4422 praeclaqe
1531 4333 1628 4412 gesta

291 4455 399 4528 aunt,
424 4437 484 4506 sed
509 4437 612 4508 nimia
636 4439 822 4526 cupiditate
855 4438 998 4527 praedae
1024 4438 1148 4508 milites
1187 4439 1400 4510 occasionem
1433 4460 1629 4528 expugnan-

294 4538 357 4630 dae
380 4555 609 4644 Bisertae,&
642 4556 809 4650 Tqrcicae
837 4557 954 4633 classis
998 4577 1056 4636 aut
1090 4558 1295 4651 capiendae,
1335 4571 1394 4630 aut
1430 4554 1630 4640 cremandas
