4386 5838
403 741 409 750 ¹
626 691 632 702 ·
664 651 697 720 V
793 657 808 728 1
906 657 940 728 Τ
1035 649 1066 724 Α
1473 671 1540 746 ¹39

249 791 300 850 ιιι
325 770 493 864 cogitare,
519 795 561 844 err
585 793 695 862 eoque
718 793 893 864 tempore,
927 797 997 870 quo
1032 773 1173 864 primum
1198 753 1358 858 byiantio
1393 769 1492 862 hujus
1534 764 1583 861 rei

247 893 392 970 nuncius
421 894 561 962 Romam
586 890 708 962 allatus
733 913 806 976 est,
831 917 953 985 magno
981 895 1100 964 timore
1122 889 1293 982 perculsus
1316 891 1384 962 Leo
1412 887 1582 979 supplica·

246 1037 283 1086 re
309 1035 379 1082 nou
404 1011 532 1082 destitit
556 1012 712 1081 omuibus
736 1011 971 1100 Principibus,
1011 1019 1045 1084 bc
1084 1013 1123 1083 iis
1161 1013 1390 1101 praesertim,
1432 1031 1579 1102 quorum

248 1134 354 1221 pietas
381 1132 415 1200 in
440 1133 623 1200 Romanam
648 1128 831 1200 Ecclesiam
857 1137 889 1202 aa
915 1135 1070 1222 potentia
1096 1135 1286 1216 eminebat,
1313 1151 1351 1202 ut
1376 1129 1457 1200 huic
1497 1149 1580 1198 suae
1655 1133 1660 1142 '

248 1249 465 1320 sollicitudini
489 1251 580 1320 omni
604 1251 735 1320 ratione
761 1251 1004 1322 subvenirent.
1031 1257 1079 1322 Ea
1105 1271 1243 1340 propter
1273 1271 1362 1330 eos,
1390 1249 1475 1318 inter
1493 1271 1580 1338 quos

249 1389 345 1442 erant
362 1367 570 1450 discordiae,
595 1387 652 1438 aut
667 1367 859 1458 pacificare,
885 1395 945 1443 aut
970 1399 989 1443 a
1012 1371 1122 1452 bello,
1144 1371 1248 1460 panis
1273 1365 1580 1460 quinquennalibus

249 1486 421 1570 induciis,
444 1509 616 1558 removere
649 1489 805 1574 studuit,
844 1495 1033 1564 Turcarum
1075 1492 1152 1562 loco
1197 1489 1274 1568 illos
1313 1512 1347 1557 se
1384 1486 1580 1556 habiturum

249 1607 436 1696 profitens,
461 1608 521 1696 qui
545 1607 708 1678 adversus
733 1609 795 1679 hos
822 1634 911 1679 arura
936 1613 1070 1682 minime
1096 1611 1279 1682 tulissent.
1305 1611 1448 1698 Legatos
1477 1603 1581 1673 etiarn

248 1751 383 1820 quaqua
402 1750 542 1812 versus,
564 1726 770 1815 adprobante
793 1731 918 1800 Senatu
944 1729 1234 1822 frequentissimo,
1260 1729 1375 1812 misit,
1392 1727 1579 1815 irrterquos

247 1847 420 1916 eminuere
444 1844 643 1917 Cardinales
658 1847 854 1920 Laurentius
878 1851 1100 1940 Campeggius
1119 1850 1161 1919 ad
1184 1850 1398 1927 Britanniae,
1421 1845 1580 1937 Aegidius

245 1967 467 2040 viterbiensis
493 1970 534 2038 ad
560 1970 762 2058 Hispaniae,
784 1971 978 2052 ¹Bernardus
1002 1969 1162 2038 Dovitius
1188 1970 1230 2039 ad
1268 1967 1402 2040 Galliae
1435 1969 1578 2056 Reges,

248 2089 454 2158 &Thomas
480 2088 685 2179 Caietanus‚
711 2089 771 2179 qui
797 2089 966 2159 inlocum
992 2089 1174 2159 Alexandri
1199 2063 1356 2158 Farnesii¹
1374 2087 1489 2156 morbo
1515 2085 1580 2153 im-

252 2205 368 2296 plicati
393 2205 547 2279 suffedlus
571 2205 656 2292 fuit,
684 2208 725 2277 ad
742 2212 943 2280 Caesarem.
969 2213 1053 2278 Cum
1080 2227 1190 2280 autem
1207 2210 1270 2276 hos
1297 2208 1337 2276 ab
1363 2229 1399 2276 se
1425 2203 1582 2274 dimitte·

250 2344 301 2396 ret
327 2324 384 2398 illo
408 2329 543 2411 omine,
567 2327 695 2398 domurn
732 2349 805 2398 cum
830 2327 928 2400 laude
954 2329 1132 2410 redeunte,
1156 2325 1237 2397 nihil
1263 2350 1298 2396 se
1324 2343 1455 2415 praeter
1476 2323 1579 2392 Chri·

249 2446 378 2516 stianae
404 2445 623 2535 Reipublicae
648 2447 790 2526 salutern
815 2447 1174 2538 incolumitatemque,
1214 2452 1247 2518 δι
1284 2445 1452 2516 bonorum
1477 2464 1580 2534 atque

249 2565 478 2636 innocentium
511 2567 729 2636 securitatem
761 2565 848 2638 velle
887 2567 1097 2639 declararit.
1132 2567 1263 2636 Omitto
1298 2561 1595 2656 quemadmodum

161 2741 166 2750 .
248 2682 306 2753 isti
332 2708 367 2756 se
392 2686 573 2777 gesserint.
597 2687 676 2756 Fuit
705 2685 768 2756 illis
794 2688 927 2779 quidem
953 2686 1149 2777 egregium,
1175 2690 1208 2754 dc
1232 2684 1274 2753 ad
1296 2683 1580 2754 immortalitatem

248 2805 431 2876 memoriae
453 2805 660 2896 gloriosum,
686 2809 778 2895 quod
804 2805 948 2892 famam,
974 2829 1076 2898 quam
1113 2827 1228 2876 secum
1265 2802 1475 2889 attulerunt,
1510 2803 1582 2872 do-

248 2921 403 3008 dlriuae,
429 2925 579 3016 ingenii,
604 2923 835 2995 humanitatis.
859 2945 961 3018 atque
998 2928 1197 3016 probitatis,
1240 2923 1433 3016 praeseutia
1472 2944 1582 2994 auxe-

249 3064 355 3115 runt,
376 3043 560 3124 Pontifex,
585 3061 624 3114 ut
648 3047 724 3113 Deo
748 3044 928 3116 immortali
952 3047 1080 3138 gratias
1104 3061 1219 3140 ageret
1252 3045 1296 3114 ob
1338 3041 1452 3134 padlas
1483 3043 1581 3134 quin·

247 3161 432 3254 quennales
458 3162 610 3234 inducias
627 3161 714 3242 inter
730 3165 944 3236 Christianos
969 3166 1166 3255 Principes,
1188 3183 1295 3256 utque
1320 3163 1391 3256 ejus
1416 3161 1578 3232 auxilium

248 3277 443 3370 imploraret
485 3281 646 3354 adversus
679 3283 876 3358 Catholicae
910 3283 1085 3376 religionis
1123 3284 1279 3366 hostes,
1313 3283 1415 3352 trium
1449 3280 1579 3351 dierum

249 3399 545 3490 supplicationes,
571 3402 719 3496 jejunia,
745 3403 893 3496 aliasque
919 3403 1071 3493 publicas
1094 3425 1208 3492 preces
1233 3403 1381 3475 decrevit
1398 3423 1421 3482 ,·
1435 3405 1468 3472 bt
1492 3399 1580 3471 haec

249 3522 363 3593 omnia
385 3521 602 3594 occasionem
625 3520 674 3591 illi
698 3522 958 3612 suppeditarunt
981 3523 1101 3594 edendi
1123 3522 1307 3615 singularia
1329 3519 1483 3613 exempla
1507 3519 1581 3608 pie·

249 3640 355 3724 tatis,
376 3641 451 3715 sive
476 3641 615 3731 pedibus
639 3661 823 3732 apertoque
849 3641 961 3730 capite
986 3643 1111 3734 templa
1145 3647 1270 3729 adiret,
1294 3644 1368 3716 sive
1392 3665 1460 3715 rem
1485 3639 1581 3712 divi·

248 3781 330 3846 nam
366 3758 508 3838 laceret,
533 3761 605 3830 sive
630 3760 808 3846 pecuniam
831 3761 875 3836 ad
900 3763 1042 3838 miseros
1067 3763 1292 3836 sublevandos
1314 3779 1508 3856 spargeret.
1523 3763 1581 3830 Ja-

251 3879 357 3949 cobus
382 3881 558 3957 Sadoletus
580 3881 616 3952 in
642 3881 731 3954 aede
754 3883 785 3950 S.
809 3883 956 3960 Mariae,
988 3901 1026 3951 nt
1051 3881 1169 3976 ajunt,
1195 3883 1237 3954 ad
1274 3884 1459 3958 Minervam
1495 3897 1581 3953 xJX.

142 4049 149 4066 .
251 3999 326 4070 aar.
350 3999 478 4090 Apriles
504 4025 557 4076 an.
584 4017 762 4073 utoxvm.
785 3997 1089 4076 luculentissimam
1112 4004 1300 4085 orationem
1335 3999 1470 4083 habuit,
1493 4021 1582 4089 quae

253 4119 388 4208 quidem
412 4139 530 4197 estat,
554 4139 592 4191 ut
618 4141 736 4196 omnes
762 4121 1000 4198 adhortaretur
1025 4123 1069 4192 ad
1094 4123 1159 4193 Dei
1183 4120 1426 4210 implorandum
1451 4117 1581 4206 praesi-
1694 4195 1715 4224 s

248 4236 340 4324 dium
365 4263 427 4328 pro
451 4241 664 4330 Reipublicae
695 4241 904 4318 Christianae
930 4240 1041 4311 salute
1066 4259 1168 4334 atque
1211 4239 1397 4318 felicitate,
1433 4237 1577 4311 laudans

248 4351 466 4444 Pontificem,
491 4360 579 4452 quod
603 4359 677 4432 dies
701 4384 739 4430 ac
764 4357 882 4430 nodles
900 4359 945 4436 nil
960 4357 1256 4452 aliudcog'itaret,
1282 4357 1364 4430 nihil
1387 4357 1577 4446 laboraret,

247 4470 314 4548 nisi
337 4474 378 4550 de
402 4499 485 4569 pace
509 4485 544 4554 dc
568 4477 771 4570 concordia,
795 4476 1064 4644 Maximgiauarn
1086 4480 1304 4574 Augustum,
1328 4479 1422 4572 quod
1456 4479 1577 4552 &sua

972 4591 996 4646 a
