4392 5838
1614 661 1681 732 281

480 775 579 840 'versos
597 779 670 838 esset
688 772 725 838 ed
745 776 854 858 Regem
875 785 1053 842 sensurum,
1075 775 1103 832 dt
1124 783 1205 836 eram
1232 769 1350 855 quidem
1380 790 1490 838 omnes.
1509 773 1609 836 vestiri
1639 773 1734 838 rubeis
1830 794 1834 802 ·

482 861 596 962 cappis,
617 876 685 940 binc
706 877 772 940 inde
793 876 863 940 duas
882 878 964 950 alas,
986 893 1019 938 ut
1040 877 1127 938 moris
1147 893 1208 949 est,
1230 874 1383 939 facientes:
1412 877 1462 940 ubi
1497 894 1650 962 postquam
1671 896 1733 938 mo·

456 980 581 1044 -dicum
603 983 794 1064 quieverunt,
815 1001 879 1040 ecce
902 984 964 1042 llere
985 983 1016 1043 in
1036 981 1169 1043 brevibus
1191 974 1339 1053 restibus,
1360 982 1470 1044 medius
1493 981 1569 1043 inter
1590 981 1664 1042 dnos
1683 982 1735 1041 Le·

480 1103 561 1170 gatos
582 1085 689 1157 adluit,
712 1105 798 1169 quem
820 1085 981 1146 cardinalis
1001 1089 1028 1146 S.
1048 1087 1169 1171 Georgii
1190 1088 1351 1172 Episcopus
1381 1085 1526 1150 Ostiensis
1551 1085 1631 1147 nudo
1661 1083 1735 1166 capi.

479 1205 522 1260 te,
544 1197 572 1250 δι
592 1189 726 1252 similiter
745 1209 845 1251 omnes
867 1189 914 1250 alii
936 1206 1059 1252 astantes
1079 1187 1267 1259 cardinales,
1288 1211 1354 1252 cum
1376 1209 1411 1252 eo
1430 1233 1438 1259 ,
1460 1210 1571 1274 semper
1593 1187 1673 1252 nudo
1688 1207 1734 1248 ca·

477 1292 539 1376 pite
560 1311 705 1363 stantem,
728 1299 754 1352 st
777 1294 886 1375 saepius
908 1309 1098 1364 orantem,ut
1132 1312 1194 1356 tam
1225 1295 1284 1377 ipse
1313 1295 1497 1364 Cardinalis,
1527 1313 1615 1377 quam
1645 1292 1732 1358 etiam

478 1413 579 1456 omnes
602 1396 768 1457 cardinales
789 1398 993 1480 cooperirent,
1016 1397 1102 1460 verba
1122 1395 1192 1460 fecit
1212 1398 1244 1458 in
1267 1398 1357 1460 latino
1378 1415 1492 1482 aperto,
1526 1402 1555 1455 dt
1576 1397 1670 1464 claro,
1700 1415 1734 1457 ac

480 1499 623 1582 simplici:
644 1503 684 1562 sic
705 1500 871 1564 enimcum
891 1504 1061 1589 instruerem
1083 1502 1118 1562 de
1139 1517 1279 1564 consensu
1301 1501 1407 1587 Regis,
1431 1501 1550 1562 nomine
1574 1503 1680 1584 Papae,
1704 1505 1734 1564 bt

478 1601 569 1664 totius
588 1603 659 1664 sacri
681 1609 815 1670 Senatus,
839 1605 1064 1687 congratulando
1085 1606 1121 1666 de
1141 1607 1277 1689 sospitate
1297 1607 1404 1690 Regis,
1427 1609 1455 1666 dt
1476 1601 1554 1667 felici
1586 1604 1731 1674 adsensu,

476 1709 505 1766 dc
526 1707 636 1790 optima
659 1709 804 1769 voluntate
825 1709 958 1772 adversus
979 1713 1129 1772 Summum
1151 1708 1343 1780 Pontificem,
1358 1707 1497 1769 &sedem
1516 1707 1733 1790 Apostolicarn,

475 1811 504 1868 dt
525 1811 657 1873 bantium
680 1817 833 1884 Senatum,
854 1823 882 1877 dt
904 1816 1020 1876 nomine
1044 1813 1185 1896 Principis
1206 1806 1342 1874 offerebat
1362 1810 1480 1882 omnia,
1502 1829 1574 1893 quae
1596 1809 1627 1872 in
1642 1805 1730 1872 facul·
1770 1885 1779 1896 α

474 1912 581 1975 tatibus
600 1933 695 1977 essent
707 1939 771 1978 suae
785 1919 963 1988 maditatis,
985 1911 1019 1982 d·
1041 1921 1108 1979 Rex
1129 1939 1235 1996 semper
1254 1919 1340 1979 etiam
1362 1920 1423 1993 ipse
1444 1916 1516 1976 nudo
1531 1916 1625 1990 capite
1641 1928 1725 1974 stans

477 2021 666 2096 responditis
686 2023 798 2099 vulgari
825 2045 873 2084 suo
894 2024 1030 2093 Gallico,
1052 2039 1086 2085 ut
1106 2021 1179 2084 mihi
1209 2023 1326 2107 quidem
1350 2021 1499 2084 videbatur
1522 2018 1590 2080 satis
1614 2033 1725 2100 aperte,

475 2125 729 2186 &convenienter
751 2129 886 2209 refilium
908 2148 975 2189 suae
998 2129 1185 2196 suaseritis.
1215 2119 1250 2191 ὁ·
1281 2127 1401 2188 Sanciae
1430 2124 1512 2186 Sedit
1546 2123 1730 2199 Apostolltoe

473 2225 663 2303 obsequentem
692 2234 810 2292 amicum
847 2243 881 2296 ο·
900 2235 994 2313 filium
1016 2232 1184 2316 appellans,
1205 2230 1344 2315 cupidum
1375 2229 1508 2292 omnium
1535 2225 1678 2289 bonorum
1702 2235 1731 2289 dt

471 2332 711 2394 commoditatum
734 2335 928 2397 Dominorum
949 2337 1169 2408 cardinalium,
1191 2339 1266 2399 sicut
1296 2354 1429 2419 patrum,
1458 2342 1486 2395 δι
1518 2330 1640 2396 fratrum
1663 2351 1726 2392 suo

470 2453 552 2496 rum.
573 2439 655 2498 saeta
676 2441 865 2502 collocatione
886 2463 902 2504 a
923 2442 1018 2525 primo
1044 2461 1134 2523 usque
1165 2441 1201 2502 ed
1222 2442 1359 2514 ultimum
1387 2438 1570 2503 Cardinalem
1601 2433 1722 2498 osculati

468 2556 538 2600 sunt
557 2561 623 2601 eum
646 2543 677 2603 in
698 2543 768 2606 facie
788 2543 929 2617 fraterne,
950 2567 1022 2630 quos
1043 2548 1108 2607 Rea
1129 2567 1230 2608 omnes
1251 2547 1432 2608 intellexita
1463 2565 1509 2605 me
1540 2543 1580 2602 ibi
1609 2539 1721 2602 adstan-

470 2657 524 2712 te,
546 2651 573 2704 δι
595 2649 734 2730 cognorit
753 2649 804 2730 qui
825 2669 920 2712 essent
940 2652 1046 2734 singuli
1077 2652 1275 2720 nominatim,
1302 2657 1330 2711 δε
1349 2649 1466 2713 tandem
1494 2645 1659 2736 cardinales
1686 2664 1728 2705 se·

468 2747 813 2832 uiorespraecesserunt,
837 2760 864 2812 St
887 2753 1010 2814 Diaconi
1030 2755 1168 2816 ultimum
1191 2773 1276 2839 caput
1296 2753 1449 2822 facientes,
1476 2768 1508 2812 ut
1541 2769 1602 2811 mos
1624 2767 1725 2810 eorum

468 2867 532 2922 est,
550 2853 644 2935 ipsum
666 2857 775 2938 Regem
798 2858 829 2917 in
851 2858 947 2919 medio
959 2857 1120 2930 duxerunt,
1143 2858 1278 2920 videlicet
1292 2859 1554 2926 Saneiseverinas,
1575 2861 1605 2939 ὃς
1625 2856 1724 2916 mrem
1756 2916 1758 2920 .

472 2954 529 3015 sis.
551 2957 620 3018 Duo
641 2975 736 3020 autem
762 2963 861 3044 Legati
883 2979 952 3023 tunc
973 2983 1002 3023 se
1023 2961 1059 3023 a'd
1088 2978 1198 3045 partem
1227 2961 1425 3032 restiterunt,
1456 2966 1484 3021 dt
1514 2960 1546 3020 in
1572 2960 1637 3020 loco
1655 2969 1722 3012 <011-

467 3075 539 3141 gruo
560 3059 738 3124 incesserunt
755 3105 765 3123 .
785 3067 871 3127 Ordo
892 3085 986 3128 autem
1016 3066 1196 3127 venientium
1227 3085 1348 3134 eorum,
1378 3064 1429 3146 qui
1460 3084 1495 3126 ex
1522 3079 1599 3146 parts
1632 3052 1720 3134 Regis

463 3180 564 3234 ment,
584 3165 680 3227 nullus
700 3170 881 3241 serrabatur,
904 3170 954 3230 sed
968 3169 1049 3231 ibant
1070 3189 1188 3239 omnes,
1203 3183 1235 3230 ut
1248 3168 1289 3228 eis
1310 3168 1458 3250 placebat,
1480 3183 1545 3228 nom
1568 3158 1719 3219 neminem

374 3263 375 3266 '
421 3341 424 3349 Ι
462 3283 562 3330 eorum
582 3289 636 3353 ego
657 3272 865 3354 agnoscebam,
887 3271 995 3336 infiniti
1015 3274 1095 3334 enim
1116 3291 1197 3334 erant
1218 3277 1367 3344 Berones,
1400 3279 1428 3332 ot
1461 3266 1627 3348 Principes,
1654 3261 1720 3321 illos

462 3385 576 3435 tantum
597 3391 655 3438 tres
675 3396 729 3460 ego
750 3377 895 3461 cognovi,
917 3377 954 3438 de
975 3377 1078 3460 quibus
1098 3399 1182 3462 supra
1202 3377 1285 3448 dixi,
1307 3378 1375 3460 quia
1394 3378 1459 3437 Rex
1479 3391 1527 3434 eos
1549 3368 1622 3430 mihi
1635 3384 1717 3426 mon·

461 3479 546 3539 strati
566 3475 689 3550 fecerat,
711 3497 745 3543 ot
766 3467 899 3543 bonorari
930 3478 1051 3544 facerem
1074 3501 1139 3552 eos,
1162 3486 1189 3541 δι
1210 3501 1263 3566 ego
1294 3500 1343 3542 eos
1368 3479 1486 3562 quidem
1513 3491 1579 3537 ante
1606 3474 1715 3554 Regem

459 3579 617 3652 constitui,
640 3601 674 3644 ut
695 3565 913 3667 praecederent,
934 3586 984 3647 sed
1005 3585 1060 3670 ipsi
1082 3584 1215 3666 subsequi
1238 3587 1414 3653 voluerunt,
1444 3589 1471 3642 dt
1501 3580 1543 3640 sic
1578 3574 1716 3638 continuo

401 3755 403 3762 Α
459 3683 603 3746 subsecuti
624 3703 710 3756 sunt,
733 3709 765 3748 ac
786 3704 852 3770 post
872 3709 921 3749 eos
942 3689 1001 3749 duo
1016 3689 1172 3751 camerarii
1193 3689 1299 3772 Regis,
1320 3706 1421 3750 omnes
1435 3680 1579 3746 officiales
1593 3677 1714 3746 Coriacs'

460 3805 531 3870 quos
552 3791 628 3870 Papa
649 3787 684 3852 ab
705 3791 774 3852 urbe
796 3795 891 3854 Roma
912 3793 1010 3853 venire
1031 3796 1166 3870 iusserat,
1189 3791 1241 3852 hac
1263 3791 1299 3852 de
1320 3802 1422 3850 esua,
1446 3787 1478 3831 ut
1509 3777 1626 3838 Curiam
1657 3780 1714 3838 Ro·

457 3909 570 3951 menam
592 3909 852 3973 repraesentarent.
874 3892 1042 3954 Adfuerunt
1063 3895 1198 3956 auida-v
1220 3880 1270 3930 ⁵²⁶
1300 3873 1396 3934 ”⁰¹1²ss
1425 3877 1585 3958 c⁰¹¹¹P³¹fl¹lt
1615 3879 1647 3938 5¹¹
1667 3897 1713 3938 ⁰¹·

457 3982 525 4042 dine
544 3979 613 4049 tali,
632 3997 666 4038 ut
687 3989 817 4058 uortegra
832 3987 998 4036 sinerentur
1019 3995 1093 4043 esse,
1115 3991 1201 4055 prout
1219 3990 1299 4035 erant
1321 3975 1424 4037 Araldi
1440 3993 1496 4038 tres
1518 3981 1618 4062 Regis,
1637 3995 1712 4062 quos

456 4083 539 4168 posui
559 4101 642 4163 supra
661 4081 802 4142 Maserioc
821 4097 954 4150 nostros,
976 4079 1051 4140 idest
1071 4077 1226 4139 viciniores
1248 4077 1385 4160 collegiis
1413 4081 1630 4146 cardinalium:
1657 4082 1710 4145 sed

455 4187 523 4271 quia
543 4185 592 4246 alii
612 4200 692 4246 erant
713 4200 771 4246 tres
790 4183 892 4246 Araldi
913 4181 1004 4244 trium
1025 4183 1159 4250 Ducum,
1180 4201 1252 4263 quos
1274 4187 1330 4256 iam
1351 4186 1504 4266 praemisi,
1536 4188 1623 4269 'poam
1642 4187 1711 4250 illos

456 4291 531 4353 ultra
552 4275 638 4350 unam
660 4285 791 4370 coppiam
812 4285 1004 4346 Maseriorum
1027 4300 1211 4356 nostrorum,
1238 4286 1311 4346 sicut
1343 4288 1461 4349 Maaeeii
1489 4291 1581 4350 nostri
1611 4303 1708 4351 essent

455 4392 546 4456 medii
565 4394 640 4452 inter
661 4389 712 4452 los
733 4395 762 4450 dc
782 4389 866 4450 illos.
886 4391 1049 4470 Campanae
1069 4409 1170 4450 omncs
1190 4390 1344 4463 Civitatis,
1367 4399 1395 4453 dt
1415 4393 1492 4455 inter
1512 4391 1640 4454 eundum
1661 4411 1709 4468 tuq

457 4499 508 4559 bae
530 4496 722 4558 indesinenter
743 4479 873 4554 infinitae
891 4535 900 4561 ,
921 4496 948 4552 dt
975 4511 1062 4554 omne
1091 4511 1180 4577 genos
1209 4497 1392 4566 sonantium,
1424 4497 1546 4578 populus
1575 4495 1708 4562 infinitus

372 4644 377 4652 -
455 4602 610 4686 processit,
631 4613 664 4662 ut
685 4596 812 4670 rideret,
833 4601 861 4658 dt
881 4595 969 4666 etiam
990 4598 1066 4680 Papa
1086 4597 1117 4662 io
1138 4595 1269 4668 fenestr'u
1289 4599 1482 4686 superioribus
1496 4601 1599 4672 ¹stetit,
1618 4608 1647 4664 sc
1660 4600 1705 4664 si·
