4372 5842
647 665 717 755 238
1032 643 1590 730 LEONl'SX.-

592 803 699 878 prope
729 792 797 850 m.
821 791 968 848 morentur
992 791 1044 848 est
1066 773 1168 866 Papo
1189 797 1231 848 er
1255 769 1409 842 emunito
1432 779 1591 859 concepto
1614 762 1649 832 itt
1674 757 1757 832 villu
1773 758 1925 832 Metuit·¹

597 919 661 970 rra.
689 899 731 968 In
756 891 869 994 effeciu
891 885 955 990 ego
976 894 1212 992 interpellatus
1229 893 1285 983 firi
1309 887 1416 960 medio
1439 885 1556 966 noller
1580 876 1704 954 inueni
1721 901 1795 953 eum
1838 903 1927 951 mor-

596 1012 769 1101 tuum
791 1018 858 1105 jorn
878 1015 1064 1112 frigidiore,
1089 1013 1185 1108 quusi
1209 1013 1342 1106 nigrum
1365 1031 1407 1082 er
1432 1005 1611 1088 catamito,
1635 1002 1711 1074 licet
1731 1000 1836 1097 aliqui
1870 999 1926 1070 di·

596 1136 707 1208 aerim
729 1160 770 1210 ex
796 1158 951 1210 ueneno.
973 1141 1024 1208 Ex
1048 1137 1100 1206 itis
1123 1135 1258 1230 quidem
1293 1128 1414 1221 conjici
1451 1149 1552 1215 posse
1577 1124 1713 1196 videtur
1747 1123 1925 1214 repentino

596 1257 718 1328 obiisse
739 1259 906 1338 Leonem,
930 1277 992 1326 nec
1017 1252 1174 1336 dubium,
1202 1253 1283 1343 quin
1308 1249 1338 1320 ei
1363 1249 1391 1318 is
1421 1247 1649 1316 imminentem
1683 1261 1826 1314 mortem
1862 1259 1921 1314 aut

597 1375 781 1461 sensisset,
807 1393 866 1448 aut
888 1374 1105 1463 praevidisset
1126 1417 1137 1450 ,
1158 1393 1199 1442 ea
1223 1369 1288 1440 sibi
1314 1387 1465 1458 parasset
1488 1365 1662 1450 subsidia,
1686 1388 1774 1456 quae
1799 1361 1842 1431 acl
1865 1385 1924 1432 ex·

596 1492 735 1582 piandas
762 1490 892 1564 animas
916 1492 1079 1564 divinitus
1103 1510 1183 1562 sunt
1209 1489 1389 1559 instituta.
1414 1485 1491 1556 Fuit
1516 1485 1604 1556 enirn
1631 1503 1760 1574 semper
1786 1480 1925 1572 religio-

468 1607 472 1614 “
555 1687 558 1698 ,
599 1613 652 1684 rtis
676 1610 1020 1684 observantissimus.
1054 1612 1169 1700 Quare
1192 1605 1295 1679 facile
1321 1605 1551 1694 impudentiae
1575 1603 1812 1674 condemnabis
1834 1605 1924 1672 laco·

597 1730 676 1802 bunt
698 1729 957 1815 Sannazttriunt,
981 1727 1041 1820 qui
1063 1749 1162 1796 suunt
1186 1725 1220 1794 in
1245 1725 1439 1796 Pontificem
1463 1725 1585 1794 odium
1611 1745 1669 1792 eas
1693 1725 1739 1793 ob
1762 1741 1922 1807 caussas,

599 1871 684 1946 ques
707 1848 786 1924 alibi
807 1848 1006 1936 innuimus,
1033 1865 1235 1937 conceptum
1250 1845 1318 1918 ltoc
1337 1846 1572 1938 epigrammate
1596 1842 1830 1916 exsaturavit.

825 2091 926 2162 Sacro
949 2085 1011 2161 sul
1037 2103 1210 2166 extremo,
1232 2088 1263 2158 si
1281 2085 1372 2177 sorte
1395 2085 1590 2182 requiritis,
1615 2084 1698 2157 horu

870 2211 938 2282 Cur
952 2209 1025 2284 Leo
1049 2232 1116 2282 nott
1137 2211 1249 2306 potuit
1271 2228 1420 2294 sumere,
1445 2205 1660 2280 madidetur.

589 2523 593 2533 ,
689 2450 793 2546 Quod
816 2451 859 2526 ad
883 2455 1007 2528 ueneni
1031 2474 1115 2527 uero
1138 2451 1363 2542 suspicionem
1387 2449 1538 2530 attinet.
1562 2449 1680 2542 cujus,
1702 2469 1791 2544 quae
1814 2446 1921 2521 solent

593 2589 670 2646 este
701 2569 828 2642 indicia
868 2575 903 2644 δι
938 2572 1083 2665 uestigia
1111 2573 1145 2644 in
1179 2571 1269 2644 illius
1302 2567 1465 2642 cadavere
1503 2569 1720 2642 extitisse&
1755 2569 1867 2641 levius
1892 2571 1925 2638 bt

593 2691 755 2764 Grassiur
780 2705 971 2770 testantur,
997 2677 1181 2762 multorum
1206 2690 1326 2779 opinio
1352 2687 1415 2760 luit
1449 2689 1483 2760 ei
1519 2690 1636 2760 darunt
1661 2685 1767 2758 fuisse
1791 2711 1811 2757 a
1838 2683 1926 2756 Gal-

590 2805 657 2880 liae
681 2812 773 2900 Rege
795 2833 854 2900 per
884 2809 992 2898 ipsius
1009 2808 1242 2900 pocillatorem
1266 2808 1422 2880 Bernabo
1438 2805 1681 2898 Malaspinam,
1708 2827 1780 2877 non
1803 2806 1925 2876 obscu-

592 2947 633 2998 ra
657 2923 872 3021 conjellute,
902 2930 997 3022 quod
1027 2929 1142 3019 pridie·
1161 2951 1262 3021 quent
1286 2928 1439 3000 laborare
1462 2928 1634 3018 coeperit,
1661 2927 1696 2997 in
1720 2946 1830 2999 coena
1849 2935 1926 3014 post

593 3045 754 3120 baustum
777 3047 897 3122 vinum
922 3047 1028 3119 abeo
1054 3047 1274 3138 quaesierat,
1300 3047 1415 3119 fronte
1440 3069 1480 3118 ac
1504 3045 1603 3118 vultu
1627 3045 1671 3117 ad
1708 3043 1924 3116 seueritatem

594 3167 810 3258 composito,
832 3167 1002 3238 undenam
1026 3166 1090 3238 sibi
1115 3169 1199 3239 adeo
1225 3189 1375 3242 amarum
1398 3169 1429 3234 δι
1453 3167 1597 3238 insuave
1621 3163 1783 3256 poculum
1807 3160 1925 3254 propi-

593 3303 727 3357 nasset.
754 3286 859 3358 Attxit
886 3285 1114 3376 suspicionem
1138 3285 1220 3380 fuga
1244 3286 1334 3382 illius
1350 3313 1368 3372 ς.
1383 3309 1462 3360 nant
1487 3285 1601 3378 paullo
1626 3305 1806 3378 postquam
1832 3282 1925 3372 erpi·

592 3404 683 3476 ravit
702 3403 885 3492 Pontifex,
910 3406 1021 3496 speeie
1047 3385 1289 3480 memdicare
1312 3407 1453 3480 canibus
1477 3427 1498 3478 e
1523 3405 1687 3478 Vaticana
1702 3423 1800 3494 porta
1824 3405 1925 3478 exie·

593 3539 648 3592 rat
660 3567 677 3606 ‚
699 3544 799 3614 quam
823 3547 893 3594 rem
919 3525 1073 3599 admirati
1097 3524 1328 3612 Praetoriani,
1359 3525 1454 3618 quod
1476 3521 1550 3596 fleri
1570 3547 1641 3597 oon
1666 3546 1767 3616 posse
1790 3525 1925 3596 videba-

594 3657 671 3721 tut,
694 3660 733 3716 att
755 3643 790 3712 in
812 3641 969 3734 squalore
993 3645 1024 3710 ba
1047 3639 1140 3714 ludu
1163 3641 1273 3718 totius
1296 3643 1445 3716 civitatis
1471 3643 1601 3732 homo,
1631 3644 1690 3737 qui
1728 3639 1928 3732 acceptissi-

595 3781 672 3830 mus
715 3758 826 3832 fuerat
868 3759 1049 3842 Pontifici,
1067 3783 1220 3834 causmm
1250 3762 1442 3838 oblellandi
1483 3787 1520 3837 se
1544 3787 1584 3835 se
1619 3781 1797 3858 quaereret
1809 3807 1823 3844 ,
1860 3757 1930 3832 nisi

592 3873 736 3970 alicujus
760 3877 907 3950 criminis
927 3881 1140 3956 conscientie
1163 3877 1413 3964 stimularetur,
1445 3881 1554 3970 ipsum
1572 3879 1923 3972 comprehenderunt,

592 3998 628 4070 bt
652 3995 862 4089 magistratui
886 3999 1122 4074 tradiderunt.
1146 4001 1212 4073 Sed
1233 3999 1340 4074 lulius
1363 3997 1577 4082 cardinalis,
1601 4019 1713 4070 eume
1741 3999 1864 4070 castris
1881 3993 1925 4068 re

597 4115 732 4190 tenurit
755 4117 792 4188 in
816 4117 939 4189 Urbem
963 4137 1054 4192 esset
1098 4140 1274 4202 reversus,
1301 4119 1563 4214 'quaestionem
1602 4117 1785 4209 prudenter
1820 4139 1926 4200 sane,

596 4229 638 4306 de
661 4254 798 4306 ueneno
821 4233 938 4308 ltaberi
962 4237 1100 4323 vetuit,
1126 4259 1197 4318 ne.
1219 4239 1357 4330 prodito
1382 4240 1521 4312 crimine
1545 4241 1685 4332 ejusque
1710 4237 1923 4324 attclotibus,

512 4417 515 4423 .
597 4349 780 4430 multorum
805 4351 841 4424 in
865 4375 902 4424 se
926 4353 1040 4426 odiunt
1063 4357 1267 4432 condtaree.
1292 4360 1455 4430 Narratur
1477 4359 1579 4430 etiam
1603 4381 1624 4430 a
1649 4347 1806 4450 religioso
1834 4361 1926 4447 quo·

590 4470 671 4548 «lun
695 4469 833 4549 bomine
858 4471 1066 4548 admonitum
1088 4474 1194 4550 luisse
1215 4477 1410 4554 Pontificem
1432 4478 1476 4552 de
1508 4495 1632 4580 parato
1665 4477 1730 4550 sibi
1760 4463 1925 4566 ueneno,
