4372 5842
657 675 687 742 V
784 677 798 744 1
896 681 928 749 T
1025 677 1055 748 Α
1446 693 1520 770 219

163 805 193 842 a
237 791 415 866 cienda&
438 785 670 888 persequenda
695 822 811 890 ‚quae
849 798 995 892 jusserat
1033 793 1423 884 constantiniano
1460 799 1569 872 defuit

236 913 338 984 etiarn
362 914 528 1002 pecunia.
551 937 636 1008 quae
662 919 704 987 ad
729 917 856 990 bellum
880 918 1037 993 alendum
1072 943 1236 994 conversa
1275 921 1363 1006 fuit,
1402 924 1436 995 bt
1475 921 1568 1014 quod

243 1054 357 1104 amore
382 1034 533 1124 patriae,
557 1058 755 1128 summoque
782 1040 883 1108 animi
908 1040 1026 1110 ardore
1051 1061 1246 1130 susceperat
1273 1044 1365 1127 Leo,
1389 1040 1570 1114 multorum

240 1150 339 1242 culpa
364 1151 608 1242 aperie-‘lione
634 1155 813 1244 plurimum
841 1158 973 1233 abfuit.
1000 1157 1125 1230 Utilius
1152 1160 1285 1250 quidem
1311 1183 1414 1249 opera
1439 1163 1571 1230 Benar-

161 1354 163 1358 .
239 1271 320 1342 rotii
346 1294 426 1342 usus
451 1294 502 1344 est
528 1273 682 1349 Clemens
710 1297 776 1354 νυ.
802 1279 895 1372 quod
920 1303 978 1368 per
1019 1303 1095 1350 eum
1131 1303 1222 1354 nouo
1254 1280 1436 1364 sacrario,
1475 1280 1570 1372 cujus

180 1433 182 1440 ν
239 1388 459 1465 fundamenta
483 1398 608 1488 jecerat
632 1398 724 1480 Le0‚
751 1397 786 1468 in
812 1423 879 1492 quo
906 1400 1017 1494 posita
1042 1399 1180 1472 fuerunt
1203 1379 1325 1469 Iuliani
1362 1403 1395 1468 tr
1421 1401 1574 1468 Lauren·

241 1510 279 1582 tii
306 1509 537 1586 Mediceorum
563 1493 782 1590 monumenta
808 1521 848 1590 ab
871 1521 990 1591 eodem
1015 1519 1218 1590 Bonarrotio
1244 1517 1409 1590 divinitus
1425 1516 1586 1607 sculpta,

215 1635 279 1710 r&
303 1633 635 1723 magnificentissima
673 1640 876 1712 bibliotheca
910 1640 1059 1710 eamdem
1094 1639 1296 1726 Basilicam,
1338 1634 1576 1731 adJuatlasque

241 1747 290 1822 illi
309 1753 416 1826 ‘aedes
437 1756 598 1828 ornavit.
624 1759 816 1830 Bonarrotii
843 1759 1020 1840 aemulus,
1043 1759 1108 1832 ivel
1145 1760 1260 1849 potius
1291 1735 1448 1846 inimicus
1485 1759 1574 1828 Leo·
1606 1797 1611 1806 ·

241 1875 366 1946 nardus
393 1899 413 1946 a
437 1876 558 1946 Vincio
581 1880 721 1950 Romam
744 1903 813 1950 una
838 1903 916 1952 cum
940 1881 1070 1954 luliano
1088 1880 1261 1966 Medico,
1286 1880 1402 1948 statim
1425 1901 1464 1948 ac
1487 1901 1580 1950 sum·

240 2017 315 2066 mus
340 1993 497 2084 Pontifex
523 1995 591 2066 Leo
618 1996 725 2076 sacius
751 2017 829 2080 est,
851 2023 927 2070 cum
954 2000 1171 2085 advenisset,
1198 2023 1265 2070 non
1291 1998 1402 2090 magui
1421 2018 1577 2066 momen-

243 2115 273 2186 ti
297 2114 340 2184 ab
365 2135 406 2184 eo
432 2114 590 2188 mandata
613 2116 752 2190 habuit:
779 2135 924 2188 noverat
950 2118 1037 2190 enim
1060 2116 1151 2188 illios
1177 2119 1396 2201 tarditatem3
1434 2135 1576 2206 cumque

244 2232 485 2314 intellexisset,
512 2252 690 2328 antequam
716 2261 850 2316 manum
876 2237 1070 2308 admoveret
1105 2235 1262 2319 tabulae,
1294 2260 1392 2330 quam
1428 2236 1460 2310 ei
1483 2233 1577 2324 ⁸piar·

246 2355 387 2446 gendam
412 2354 570 2442 dederat,
596 2379 717 2459 magno
745 2357 859 2430 studio
895 2380 1014 2447 parare
1054 2359 1164 2447 ipsum
1203 2357 1278 2428 olea
1319 2375 1421 2448 atque
1459 2353 1579 2425 herbas

247 2475 288 2546 ad
313 2499 386 2548 eam
412 2474 665 2562 obliniendam,
690 2477 815 2554 dixisse
841 2478 974 2552 fertur:
1004 2477 1087 2568 quid
1111 2477 1353 2570 eapedaodttm
1388 2476 1428 2554 ab
1467 2473 1582 2548 homi·

244 2617 311 2676 ne,
335 2591 394 2686 qui
420 2595 550 2672 initium
576 2597 687 2684 operis
714 2598 755 2668 ab
779 2621 826 2672 eo
845 2599 963 2696 sumit,
988 2598 1079 2696 quod
1115 2617 1302 2688 extremum
1344 2618 1418 2668 esse
1452 2583 1599 2684 debet?-

246 2713 318 2810 Qui
341 2714 425 2786 haec
452 2733 566 2790 narrat
591 2716 758 2808 Georgius
782 2718 969 2804 Vasatius,
995 2718 1119 2788 addidit
1143 2721 1288 2787 Leonem
1313 2712 1605 2786 deditum-iuis-.

246 2859 283 2908 se
307 2835 406 2908 rebus
431 2833 673 2926 philosophicis
684 2889 695 2922 ,
721 2839 931 2930 maximeque
957 2835 1159 2920 alchimlae‚
1195 2857 1320 2926 perque
1358 2833 1391 2904 id
1429 2854 1581 2922 sperasse

247 2952 459 3028 Leonatdum
485 2976 521 3026 se
546 2952 690 3046 gratiam
716 2956 756 3028 ab
783 2955 840 3028 illo
868 2955 1055 3043 initurum,
1077 2956 1172 3054 ,quod
1196 2954 1373 3050 plurimum
1406 2976 1450 3048 se
1480 2975 1606 3032 exere.

247 3093 365 3145 cuerat
392 3071 427 3144 in
452 3073 503 3143 his
530 3070 677 3160 studiis,
702 3098 810 3170 usque
836 3099 877 3148 eo
903 3095 941 3148 ut
967 3074 1131 3152 miracula
1156 3098 1285 3156 terum,
1306 3073 1463 3144 volantes
1480 3092 1584 3158 aves,

245 3188 493 3286 horribilesque
519 3189 606 3266 seras
632 3193 704 3264 suis
719 3173 927 3287 quibusdam
953 3195 1101 3269 inventis
1128 3195 1170 3269 ad
1196 3198 1309 3268 vivum
1348 3208 1586 3284 repraesenta-

236 3332 324 3384 ·ret.
349 3311 565 3404 Perplacebat
591 3312 727 3408 quidem
750 3294 854 3390 Leoni
880 3317 981 3390 orhne
1007 3315 1062 3400 id,
1086 3315 1179 3408 quod
1217 3312 1376 3386 mirabile,
1406 3329 1509 3394 etat,
1548 3315 1584 3382 bt

248 3429 374 3524 inquo
399 3431 581 3524 apparebat
605 3433 799 3528 ingenium,
823 3455 931 3524 neque
971 3432 1184 3508 mediocriter
1226 3456 1338 3506 rerum
1381 3429 1608 3512 naturalium·

248 3553 364 3629 studio
389 3551 639 3624 deledabaturt
664 3554 757 3646 quod
781 3555 824 3626 ad
849 3552 1047 3634 alchimiam¹
1063 3575 1145 3624 vero
1170 3541 1336 3638 attinet(
1358 3552 1589 3628 inanissimam

253 3693 337 3744 sane
359 3673 559 3758 scientiam,
584 3671 666 3742 nihil
691 3671 835 3764 proferri
860 3673 986 3764 poterit
1007 3719 1019 3756 ,
1042 3673 1076 3744 in
1112 3695 1181 3766 quo
1221 3671 1402 3766 vestigium
1429 3671 1481 3744 ¹eit
1521 3671 1607 3742 ali-.

250 3791 374 3886 quod,
400 3790 493 3886 quod
518 3789 682 3888 significet
708 3788 756 3864 illi
781 3791 932 3870 deditum
972 3791 1076 3874 fuisse
1111 3795 1278 3879 Leonem
1315 3811 1476 3884 tantaque
1515 3804 1588 3862 erat

193 3941 197 3948 ·
250 3910 286 3980 in
310 3911 487 3984 Leonardo
513 3911 587 4000 ipso
613 3935 723 3987 rerunt
748 3911 969 4002 physicarum
993 3917 1026 3982 bc
1050 3889 1367 4001 mathematicarum
1386 3909 1531 3995 notitia,
1550 3926 1609 3982 ut..

254 4149 424 4234 metallis,
450 4154 484 4221 δι
507 4148 681 4226 vilioribus
706 4151 741 4222 in
767 4152 968 4242 pretiosiora
984 4154 1157 4226 vertendis
1184 4150 1278 4225 illum
1292 4169 1464 4224 versatum
1489 4147 1599 4228 fuisse-

250 4273 438 4344 affirmant.
464 4269 629 4340 Narratur
656 4271 839 4345 accessisse
875 4270 1059 4362 aliquando
1092 4272 1136 4348 ad
1160 4271 1305 4342 Leonem
1331 4268 1503 4348 Aurelium
1520 4271 1592 4342 Au·

252 4385 434 4481 gurellium
459 4405 594 4477 poetam
618 4410 688 4458 non
714 4388 992 4478 improbandum,
1008 4392 1201 4462 &Graecis
1237 4389 1432 4480 Latinisque
1466 4385 1591 4460 litteris

256 4506 544 4608 eruditissimum,
569 4507 628 4606 qui
653 4503 830 4584 feditabat
860 4527 967 4580 artem
991 4509 1202 4602 chymicam‚
1231 4509 1331 4606 eique
1354 4505 1500 4587 libellum
1514 4505 1590 4590 ,ob-

885 4629 915 4705 E
937 4649 957 4703 e
982 4652 1005 4702 a
1583 4637 1588 4644 ’
