4472 5828
729 707 1128 787 vlia
1526 728 1575 802 39

288 837 373 913 triae
406 835 595 912 libertatem
634 835 785 924 faceret,
820 839 879 911 secl
919 861 1090 929 uunquam
1129 835 1221 907 vinci
1246 837 1391 925 potuit,
1425 854 1619 926 quanquam

287 959 401 1030 omnia
424 959 537 1030 officia
562 958 827 1051 propinquitatis
852 965 885 1031 a<
912 954 1083 1028 amicitiae
1108 955 1229 1028 loanni
1252 953 1490 1044 praescirent,-
1527 973 1634 1036 cum-2

292 1099 359 1172 que
384 1103 460 1152 eum
486 1078 624 1150 fortuna
647 1079 688 1149 ad
713 1079 827 1149 Cosmi
853 1082 876 1147 l.
909 1101 1017 1170 usque
1042 1100 1194 1170 tempora
1229 1093 1456 1158 reservasset,
1493 1060 1621 1148 Catonl

291 1197 444 1282 similis,
466 1219 641 1291 postquam
667 1198 775 1269 multa
800 1197 933 1270 sortiter
958 1179 1108 1292 gesserat
1135 1199 1177 1268 ad
1216 1195 1309 1268 illum
1345 1193 1540 1285 principatu
1575 1212 1625 1260 re·
1676 1221 1678 1224 ·

292 1319 522 1411 movendum,
549 1315 669 1388 maluit
694 1317 841 1388 animam
868 1319 882 1406 (
897 1339 1037 1391 mortem
1061 1319 1151 1390 euim
1181 1317 1244 1388 sibi
1281 1312 1483 1402 conscivit)
1522 1321 1622 1402 quam

292 1438 408 1510 odium
435 1436 627 1524 tyrannidis
649 1435 844 1526 deponere.
884 1442 1042 1510 Ceterum
1085 1463 1162 1510 cum
1203 1438 1398 1508 Soderinius
1439 1435 1623 1503 excubaret

292 1555 537 1650 vigilantque,
561 1578 600 1628 ut
625 1557 648 1627 ii
681 1557 899 1649 magistratus
927 1578 1141 1645 crearentur,
1166 1583 1310 1653 qnorum
1336 1557 1416 1628 fides
1442 1572 1516 1624 tuta
1540 1567 1629 1620 esset

292 1700 311 1748 a
334 1679 563 1750 Mediceorum
588 1675 730 1764 fraude,
754 1699 861 1771 utque
885 1705 1002 1752 eorum
1028 1705 1152 1753 nomen
1171 1685 1205 1754 iu
1224 1702 1403 1752 commune
1427 1675 1544 1745 odium
1559 1694 1626 1741 vo-

291 1817 452 1880 caretur,
490 1797 705 1889 gravissimas
744 1799 864 1870 hatum
896 1801 1090 1890 nuptiarum
1117 1825 1238 1872 caussa
1264 1800 1421 1870 exhibere
1451 1792 1639 1900 molestias·

289 1917 435 1987 Strodlio
462 1917 593 2010 potuit,
617 1923 651 1989 δι
679 1930 770 1988 metu
795 1921 948 1992 territare
974 1945 1055 2006 eos,
1079 1945 1166 2012 quos
1192 1945 1263 1990 non
1292 1921 1382 1990 bono
1410 1918 1444 1987 in
1469 1939 1505 1984 se
1531 1919 1563 1982 δι
1590 1911 1633 2018 ἰη1

289 2030 529 2123 rempublicam
564 2055 638 2106 esse
678 2041 792 2108 animo
824 2041 1083 2128 suspicabatur.
1116 2036 1230 2108 Nihilo
1256 2058 1369 2108 tamen
1390 2037 1501 2105 minus
1532 2027 1625 2116 haud

291 2153 460 2225 diffidebat
486 2159 629 2228 loannes
657 2159 730 2230 fore
756 2179 910 2251 tempora
932 2161 999 2230 suis
1027 2159 1271 2247 cupiditatibus
1297 2157 1478 2247 propitia,
1520 2157 1554 2224 δι
1591 2150 1629 2242 iu

293 2293 332 2346 eo
359 2300 439 2347 sarae
463 2276 512 2346 illi
539 2277 624 2350 favit
651 2277 810 2365 fortuna,
836 2299 874 2350 ut
900 2298 1031 2370 praeter
1048 2281 1197 2350 omniurn
1212 2275 1483 2368 expediationem
1505 2275 1629 2343 apon-

292 2394 383 2474 tifice
408 2399 594 2482 Perusiae,
629 2417 668 2467 ac
705 2421 834 2488 paucos
860 2419 937 2491 post
973 2399 1064 2484 dies,
1099 2389 1234 2469 mortuo
1261 2401 1360 2468 Petro
1381 2393 1516 2466 lsuallio
1543 2397 1630 2462 Car·
1703 2428 1706 2436 =

292 2513 420 2596 dinali,
444 2509 645 2601 Bononiae,
671 2523 704 2589 dt
729 2515 819 2602 belli,
845 2519 937 2610 quod
964 2519 1125 2589 adversus
1150 2516 1269 2588 Gallos
1288 2533 1505 2608 susceperat,
1532 2514 1636 2602 Lega-

290 2652 346 2706 tus
370 2633 615 2707 declararetur.
646 2636 779 2706 Foedus
804 2638 893 2706 enim
920 2659 1134 2726 percusserat
1160 2662 1236 2710 cum
1275 2635 1456 2735 Neapolis,
1496 2633 1626 2720 Hispa·

291 2757 488 2846 nitrumque
513 2757 626 2846 Rege,
651 2759 685 2826 Gr
710 2757 878 2842 Venetis,
904 2757 960 2825 cui
987 2776 1106 2846 postea
1132 2757 1275 2828 accessit
1301 2755 1466 2826 Henticus
1493 2750 1633 2821 Britan-

290 2873 368 2944 niae
394 2877 491 2955 Rex,
515 2875 607 2966 quod
643 2897 680 2948 se
706 2875 827 2947 fecisse
859 2877 944 2946 dixit
970 2875 1012 2945 ad
1045 2874 1197 2946 sananda
1235 2874 1380 2948 vulnera
1415 2895 1472 2962 per
1508 2867 1627 2938 Gallos

289 2994 468 3066 universae
492 2995 605 3064 inusta
630 2993 770 3064 ltaliae.
794 2993 939 3066 Dolebat
963 3015 1048 3068 vero
1077 2996 1221 3066 maxime
1253 2990 1527 3066 florentissimam
1551 2990 1628 3059 Me·

288 3109 539 3182 diolanensium
563 3113 748 3200 ditionem,
772 3115 897 3187 exustis
914 3111 1117 3198 Sfortiauis,
1143 3137 1262 3185 eorum
1278 3111 1419 3201 imperio
1442 3105 1623 3204 subtectam

290 3252 391 3317 esse,
414 3230 556 3322 Ligures
582 3255 665 3304 suos
691 3231 795 3304 ferme
822 3231 856 3304 in
882 3235 1084 3306 servitutem
1110 3231 1287 3318 redaelos,
1311 3223 1632 3316 &Venetos,mul·

292 3352 334 3420 tis
361 3351 500 3442 urbibus
527 3350 675 3440 amissisf,
700 3353 735 3424 in
756 3355 938 3426 maximum
964 3353 1173 3444 petlculum,
1199 3357 1232 3422 δι
1258 3371 1444 3425 extremum
1470 3373 1555 3440 pene
1578 3343 1626 3417 di·

292 3469 435 3539 serimen
458 3471 617 3543 venisse.
639 3476 779 3564 ltaque,
805 3473 905 3567 quasi
931 3475 1002 3565 ipse
1026 3492 1191 3562 patronus
1209 3476 1351 3542 &tutor
1376 3493 1557 3562 oppressae
1585 3463 1626 3537 ab

289 3587 465 3660 Gallorum
491 3593 589 3662 armis
614 3592 730 3664 ltaliae
755 3596 966 3666 constitutus
992 3589 1132 3679 fuisset,
1159 3594 1308 3663 Venetos
1334 3591 1453 3681 ipsos,
1474 3613 1561 3684 quos
1578 3589 1632 3660 di·

292 3707 337 3777 ris
365 3729 464 3780 antea
489 3711 696 3797 devoverat,
719 3714 945 3810 omnibusque
970 3710 1080 3783 modis
1118 3731 1328 3800 vexaverat,
1369 3709 1552 3782 concitatis
1591 3707 1628 3778 in

291 3847 352 3896 eos
375 3829 622 3917 potentissimis
646 3831 828 3918 hostibus,
854 3833 1048 3924 ingratiam
1067 3833 1217 3906 restituit
1231 3839 1300 3922 „&
1335 3831 1401 3904 alia
1420 3829 1527 3905 multa
1546 3847 1628 3900 mo*

290 3942 372 4016 litus
398 3966 450 4016 est
477 3948 518 4018 ad
542 3951 807 4040 comparandum
830 3950 973 4043 bellum,
1001 3977 1070 4046 quo
1095 3951 1226 4024 nullum
1252 3953 1403 4024 atrocius
1426 3968 1504 4040 post
1540 3969 1629 4017 exa·

291 4062 364 4134 clos
391 4067 526 4136 Gothos
553 4069 588 4138 in
612 4070 711 4141 ltalia
738 4071 843 4142 luisse
868 4095 1023 4146 constat.
1047 4079 1122 4165 lpse
1149 4094 1261 4146 autem
1287 4094 1490 4164 magnopere
1511 4067 1546 4138 in
1571 4061 1630 4136 Al·

290 4182 459 4274 phonsum
487 4187 701 4271 Atestiuum,
725 4217 824 4282 quem
850 4195 1003 4264 maximis
1030 4193 1202 4265 beneficiis
1229 4198 1261 4264 8(
1285 4191 1414 4261 vexillo
1433 4193 1628 4260 -Romanae

292 4303 465 4376 Ecclesiae
491 4329 591 4399 antea
630 4329 836 4395 ornaverat,
861 4314 1039 4398 incensus,
1064 4313 1157 4405 quod
1184 4313 1224 4382 ab
1259 4311 1432 4384 Gallorum
1458 4303 1626 4372 weletaw

284 4443 466 4518 'removere
483 4425 572 4496 haud
589 4447 766 4514 potuerat,
792 4429 882 4500 huuc
899 4429 1079 4518 maledidlis
1094 4432 1250 4510 omuibus
1265 4438 1297 4493 et
1313 4419 1421 4509 copiis
1435 4418 1630 4490 vexandum

288 4544 442 4629 putavit.
468 4547 584 4634 Neque
610 4549 721 4618 minus
747 4550 852 4620 iratus
873 4569 944 4614 erat
969 4543 1175 4630 sodetiu'to,
1202 4539 1283 4638 quia
1309 4532 1512 4639 contemptis
1536 4541 1627 4610 Pon·
