4372 5842
665 709 736 762 aoo
1050 693 1076 760 L
1124 691 1151 760 E
1199 693 1232 762 0
1278 694 1308 762 N
1358 693 1372 759 1
1422 691 1443 758 S
1515 687 1556 755 X.

618 826 701 908 tur,
726 795 807 879 num
835 807 942 909 haec,
965 829 1003 882 ut
1028 815 1062 883 bc
1088 811 1299 903 Sophonisba
1326 807 1417 900 ailae
1441 805 1568 878 suerint
1594 804 1630 875 in
1654 801 1824 874 Vaticanis
1849 800 1953 873 aedi·

616 929 697 996 bus.
723 930 837 999 Aede
864 929 1039 1002 comoedia
1064 931 1225 1024 quidem,
1251 931 1303 1003 uri
1328 951 1429 1020 supra
1454 923 1685 1012 narravimus,
1726 943 1871 996 testatus
1896 945 1949 996 est

619 1047 710 1114 Paris
736 1049 918 1130 Grassius,
943 1050 1085 1142 diligens
1111 1057 1144 1123 dc
1169 1049 1233 1122 lide
1260 1052 1382 1141 dignus
1407 1067 1563 1121 narrator
1587 1069 1704 1120 earum
1740 1067 1875 1123 rerum,
1908 1043 1945 1113 in

615 1167 947 1258 quibusspec‘landis
974 1171 1216 1266 audiendisque
1256 1169 1413 1242 Pontifex
1453 1169 1637 1240 laetissima
1674 1163 1947 1260 permulcebatur

616 1284 817 1377 voluptate.

708 1406 767 1476 Vel
789 1433 808 1478 a
836 1414 1018 1486 tenerrima
1043 1433 1154 1487 aetate
1178 1412 1339 1486 didicerat
1363 1411 1421 1483 hic
1447 1433 1468 1482 a
1488 1407 1682 1493 Politiano,
1710 1391 1819 1477 ut'ex
1844 1403 1946 1498 hujus

613 1526 736 1598 litteris
762 1531 804 1601 ad
829 1534 1011 1604 Ascanium
1035 1536 1195 1607 Ssortiam
1219 1532 1430 1608 cardinalem
1456 1531 1577 1626 conjici
1608 1546 1743 1620 potest,
1769 1525 1946 1616 magnoin

560 1696 566 1720 .
617 1647 733 1735 pretio
773 1649 896 1720 habere
922 1655 1135 1748 antiquitatis
1162 1673 1417 1751 monumenta,
1442 1644 1946 1745 quarevchementerdolebat

618 1786 751 1839 tantam
778 1769 882 1840 fuisse
907 1775 1168 1860 praeteritorum
1194 1794 1382 1865 temporum
1406 1771 1617 1856 barbariem,
1642 1789 1682 1840 ut
1706 1771 1741 1840 in
1765 1770 1804 1839 iis
1829 1765 1943 1838 delen·

614 1885 668 1956 dis
685 1886 738 1957 vel
765 1888 828 1978 ipsi
854 1891 1033 1964 Pontifices
1059 1895 1190 1983 pietatis
1221 1894 1354 1966 laudem
1378 1892 1540 1984 consequi
1576 1913 1613 1961 se
1646 1912 1746 1978 posse
1778 1911 1944 1978 sperave·

619 2006 688 2076 rint
710 2059 719 2076 .
744 2011 788 2078 Ut
814 2034 902 2100 quae
927 1991 1161 2116 supedueqant
1187 2035 1229 2084 er
1252 2033 1351 2084 tanto
1385 2011 1565 2105 naufragio
1595 2013 1630 2081 in
1662 2009 1744 2080 urbe
1776 2007 1944 2100 quondam

613 2143 777 2196 terrarum
804 2127 944 2200 domina
974 2149 1287 2216 conservarentur,
1316 2155 1519 2225 magnopere
1540 2131 1675 2224 quidem
1691 2127 1826 2199 curavit
1840 2125 1943 2215 (ιιι),

615 2261 653 2312 ac
677 2246 845 2336 Raphaeli
876 2250 1036 2322 Urbinati
1072 2254 1243 2346 negotium
1267 2253 1381 2336 dedit,
1414 2269 1453 2322 nt
1482 2251 1647 2342 quidquid
1682 2245 1813 2338 antiqui
1847 2271 1944 2317 mar-

612 2366 715 2436 moris
748 2372 781 2438 br
814 2371 887 2440 saxi
914 2370 1042 2444 litteris
1065 2374 1208 2444 incisum
1241 2389 1331 2444 esset
1352 2371 1394 2443 ad
1424 2367 1553 2441 cultum
1586 2369 1798 2462 litterarum,
1822 2370 1944 2438 Roma·

614 2483 716 2575 nique
747 2489 912 2560 sermonis
939 2491 1138 2584 elegantiam
1162 2489 1473 2582 excolendam,per
1496 2513 1573 2562 curn
1600 2505 1728 2559 sartum
1759 2488 1791 2552 δι
1818 2486 1942 2557 tedium

611 2621 725 2688 esset,
768 2605 890 2678 muldla
925 2625 1140 2681 trecenorum
1179 2633 1320 2682 numum
1356 2634 1537 2682 aureorum
1585 2609 1624 2678 iis
1664 2609 1843 2698 irrogata,
1884 2606 1944 2697 qui

609 2721 770 2793 caedendi
804 2729 975 2800 marmoris
1003 2750 1109 2802 artem
1144 2733 1271 2803 Rornae
1311 2731 1537 2809 exercebant,
1565 2727 1593 2798 si
1618 2727 1691 2798 sine
1725 2725 1817 2796 iltius
1844 2725 1940 2817 jussu

607 2842 641 2908 br
664 2843 827 2932 permissu
850 2844 992 2935 lapidem
1018 2847 1124 2920 ullum
1150 2851 1349 2940 inscriptum
1375 2849 1533 2932 caedere,
1559 2869 1716 2918 secareve
1746 2845 1821 2916 ausi
1847 2841 1942 2914 fuis·

604 2983 700 3036 scut.
727 2969 804 3036 Non
829 2967 947 3038 minori
971 2991 1053 3039 cura
1083 2970 1205 3062 signa,
1231 2969 1439 3061 anaglypta,
1465 2985 1683 3050 toreumata,
1706 2987 1789 3037 vasa
1806 2963 1937 3036 caelata

606 3089 640 3162 bt
677 3105 791 3158 cetera
825 3087 1015 3182 hujusmodi
1038 3090 1256 3182 conquirebat
1279 3085 1391 3182 (rra)
1414 3112 1559 3182 quorum
1583 3088 1759 3166 studium,
1782 3085 1825 3156 ad
1845 3086 1938 3178 quod
2006 3133 2012 3138 -

608 3205 855 3277 cohortatione·
872 3209 906 3278 oc
930 3206 1083 3296 exemplo
1107 3209 1213 3279 Patris
1238 3207 1292 3280 vel
1316 3233 1336 3278 a
1361 3210 1506 3293 teneris,
1531 3227 1570 3278 ut
1597 3208 1714 3300 ajunt,
1744 3203 1937 3296 unguiculis

607 3327 783 3397 excitatus·
813 3325 905 3412 luit,
930 3327 964 3397 in
987 3349 1028 3396 eo
1051 3350 1126 3396 curn
1148 3347 1259 3400 aetate
1286 3329 1415 3398 crevit.
1440 3327 1555 3420 Magni
1579 3329 1666 3398 enim
1692 3328 1855 3398 interesse
1878 3349 1939 3414 pu·

608 3444 701 3512 tabat
726 3469 796 3514 non
820 3444 931 3516 solnm
960 3447 1003 3516 ad
1027 3446 1130 3517 decus
1154 3451 1188 3522 δι
1212 3447 1346 3518 laudem
1372 3445 1542 3528 civitatis,
1568 3448 1628 3516 sed
1652 3447 1753 3518 etiam
1786 3445 1829 3516 ad
1859 3443 1936 3515 fru-

605 3557 694 3630 clum
718 3561 903 3635 lib‘eralium
928 3567 1069 3652 artium,
1093 3567 1361 3658 nobiliorumque
1382 3565 1574 3650 artificum,
1611 3563 1708 3653 plura
1741 3563 1936 3655 hujusmodi

605 3679 749 3770 habere,
772 3681 895 3756 solitus
919 3685 1055 3768 dicere,
1085 3687 1190 3758 senil
1215 3687 1320 3778 magis
1360 3709 1505 3774 cupere,
1536 3709 1635 3778 quam
1674 3704 1713 3756 ut
1750 3684 1936 3776 aliquando

608 3800 750 3870 Romam
776 3802 812 3872 in
835 3803 918 3874 urbe
943 3807 1051 3876 Roma
1075 3804 1193 3878 liceret
1232 3827 1438 3897 agnoscere.
1476 3807 1613 3875 Prorsus
1653 3804 1709 3875 illa
1749 3805 1863 3874 omnia
1899 3803 1935 3872 in

604 3917 812 4008 supellectile
837 3921 959 3992 Leonis
992 3923 1284 4008 numerabantur,
1318 3926 1353 3994 in
1385 3925 1480 4016 queis
1513 3925 1723 4015 antiquitatis
1760 3921 1935 4014 imaginem

604 4035 725 4130 aliquis
751 4041 876 4111 intueri
901 4040 1091 4131 potuisset.
1115 4045 1187 4113 Hac
1212 4045 1314 4114 etiam
1339 4045 1381 4115 de
1405 4067 1527 4114 caussa
1554 4060 1727 4132 nunquam
1752 4040 1851 4112 finem
1877 4039 1935 4108 fe-

524 4173 528 4184 '
602 4158 651 4229 cit
677 4162 893 4248 comparandi
916 4161 1179 4250 manuscriptos
1202 4163 1355 4250 codices,
1381 4165 1505 4255 quibus
1529 4169 1563 4234 δι
1584 4165 1749 4250 privatam
1767 4183 1862 4230 suam
1879 4161 1935 4229 bi-

603 4273 835 4356 bliothecam,
860 4286 893 4352 br
927 4281 1129 4354 vaticanam
1153 4300 1313 4352 ornaret.
1344 4283 1545 4371 Respexisse
1571 4299 1682 4351 autem
1721 4279 1764 4349 ad
1798 4279 1935 4348 histori-

604 4417 663 4464 cos
690 4401 885 4484 praesertim
908 4401 1045 4472 viderur
1065 4453 1074 4474 ,
1097 4424 1199 4494 seque
1224 4419 1458 4491 superaturum
1478 4401 1638 4470 Crassum
1654 4399 1777 4470 divitiis
1803 4398 1932 4489 ajebat,

605 4513 635 4582 si
659 4517 698 4584 T.
712 4497 810 4595 'lini
837 4523 976 4592 amissos
1002 4519 1104 4596 libros
1130 4520 1282 4601 invenire
1301 4499 1498 4610 potuisset}
1520 4517 1679 4591 Praemiis
1699 4539 1738 4590 ac
1758 4513 1932 4608 promissis

1827 4655 1885 4702 rn-
