4472 5828
719 648 751 714 V
846 651 862 716 l
960 627 992 716 T
1089 642 1119 720 A
1513 645 1564 734 67

274 762 394 862 bicaris
420 765 553 838 laudem
580 761 682 836 facile
713 764 970 851 concedebant.
993 768 1071 838 Non
1097 765 1158 840 diu
1181 765 1210 838 is
1236 766 1350 854 vixit,
1376 765 1457 838 huic
1502 784 1615 842 autent

278 889 447 966 successit
469 873 641 956 'Zenobius
666 886 902 984 Acciajolius,
925 910 996 978 quo
1021 909 1112 958 anno
1137 903 1283 958 Μυκη.
1306 884 1481 976 extindlo,
1504 886 1618 960 locum·

279 1007 372 1078 illius
397 1009 509 1080 tenuit
534 1007 765 1092 Hieronymus
791 1005 980 1079 Aleandrus
1000 1056 1011 1076 .
1033 1008 1120 1078 Satis
1146 1030 1205 1096 per
1230 1026 1285 1080 tot
1325 1031 1433 1082 annos
1477 1007 1621 1102 ignavia·
1697 1053 1707 1072 ·

277 1149 479 1217 peccatum,
514 1127 666 1198 dolenter
693 1127 822 1222 ajebat,
857 1146 895 1198 ut
922 1129 957 1200 in
983 1128 1066 1200 urbe
1093 1127 1266 1218 quondam
1291 1127 1618 1202 dodirinarumom·

278 1246 373 1314 nium
398 1246 478 1318 sede
504 1245 612 1328 nulli,
638 1245 696 1314 a'ur
722 1245 823 1336 pauci
849 1247 1029 1320 admodum
1053 1267 1169 1318 essent
1191 1247 1325 1320 illarum
1340 1249 1515 1342 magistri,
1530 1269 1622 1339 qua·
1731 1297 1736 1303 -

279 1385 316 1433 re
341 1383 379 1432 nt
406 1367 502 1434 malis
527 1387 706 1454 oppressae
734 1367 896 1438 civilibus
922 1367 988 1460 iarn
1012 1366 1176 1440 extollere
1212 1387 1331 1458 caput,
1373 1376 1405 1438 dt
1432 1364 1615 1457 aliquando

280 1505 454 1554 recreatae
488 1507 524 1555 se
551 1486 678 1578 erigere
702 1504 874 1576 possent,
909 1487 1101 1563 Romanum
1135 1487 1456 1581 Archipynrnasiurn
1485 1483 1625 1554 instau-

281 1606 394 1686 ravit,
418 1605 474 1676 vel
495 1608 609 1696 potius
631 1607 810 1696 instituit,
835 1610 973 1702 optimis
988 1612 1265 1704 praeceptoribus
1290 1606 1452 1694 ornavit,
1471 1607 1513 1678 ad
1529 1602 1623 1697 quod

282 1746 360 1798 cum
385 1746 549 1819 tanquam
575 1727 618 1800 ad
659 1750 884 1804 mercaturam
917 1733 1084 1805 bonarum
1121 1732 1247 1806 artium
1272 1731 1367 1802 cives
1393 1734 1428 1801 dt
1455 1725 1624 1818 peregrini

281 1845 652 1926 accederent,‘inanes
677 1851 785 1925 redire
806 1835 1042 1946 turpissimum
1066 1855 1278 1949 judicarent.
1315 1849 1490 1938 Principes
1527 1846 1627 1938 inge-
1688 1841 1691 1846 “

280 1962 331 2034 nii
355 1967 386 2032 δι
412 1965 584 2042 dodlrinae
609 1974 876 2048 numerabantur
915 1975 1131 2069 Augustinus
1171 1973 1309 2064 Niphus·
1334 1975 1553 2054 suessanus,
1591 1970 1626 2038 dt

281 2085 552 2196 Christophorus
571 2093 757 2182 Aretinus,
783 2119 929 2191 quorum
956 2095 1041 2169 alter
1069 2095 1105 2168 in
1129 2092 1368 2186 philosophis,
1394 2090 1479 2164 alter
1498 2091 1534 2160 in
1553 2109 1629 2158 me-

283 2204 370 2314 dicis
393 2233 554 2304 magnum
579 2235 705 2290 nomen
730 2217 897 2294 habebar.
919 2223 1108 2312 Utrumque
1143 2235 1291 2291 neverat
1317 2212 1427 2300 Pisis,
1467 2206 1629 2280 coluerat

286 2327 390 2400 etiam
412 2329 536 2406 solitus
562 2335 781 2432 frequentare
805 2365 923 2417 ornnes
953 2365 1039 2428 eos,
1068 2362 1156 2433 quos
1182 2335 1373 2430 sapientiae
1411 2331 1504 2404 fama
1537 2346 1634 2410 cous-

285 2451 488 2526 mendabat.
512 2460 693 2534 Commisit
716 2462 931 2542 Hieronymo
960 2457 1196 2546 Butlghellio,
1234 2476 1275 2531 ut
1297 2459 1532 2529 Romanorum
1555 2446 1633 2538 iura

288 2570 445 2662 ritusque
472 2582 685 2656 exponeret,
704 2567 738 2632 dc
763 2571 890 2636 Basilio
914 2569 1172 2646 chalcedonae
1210 2579 1379 2654 nemetffi
1416 2571 1489 2646 5110
1503 2614 1517 2651 ,
1540 2563 1630 2638 miro

288 2687 407 2784 juveni
431 2687 592 2778 ingenio,
618 2692 653 2760 dr
676 2705 808 2758 summa
831 2677 1045 2762 eruditione,
1072 2695 1112 2750 ut
1137 2669 1447 2753 Graecas'litteras
1472 2682 1639 2768 doceret,

291 2832 362 2904 quo
385 2811 421 2882 in
442 2831 583 2884 munere
607 2829 680 2879 non
705 2805 764 2875 diu
790 2797 883 2886 fuir,
909 2799 1003 2892 qnod
1038 2798 1236 2872 acutissima
1261 2819 1439 2892 correptus
1463 2802 1551 2875 sebri
1575 2801 1636 2874 viz

291 2951 452 3023 quartum
477 2934 522 3003 dc·
536 2926 742 3022 vigesimum
763 2945 865 3017 agens
891 2923 1017 2996 aetatis
1039 2943 1168 2994 annum
1193 2943 1237 2994 ex
1261 2923 1327 3012 bac
1352 2923 1427 2997 vita
1450 2917 1637 3016 migrauit..

291 3053 411 3145 Neque
436 3073 497 3124 eos
522 3050 709 3124 audiendos
735 3068 846 3138 puro,
868 3044 927 3138 qui
950 3039 1035 3116 illud
1059 3042 1142 3116 dant
1165 3041 1256 3122 vitio
1280 3041 1412 3130 leoni,
1445 3041 1541 3134 quod
1561 3060 1637 3110 non

293 3177 477 3252 admodum
502 3178 613 3252 iacere
637 3175 812 3250 videretur
836 3195 951 3248 return
974 3171 1168 3249 divinarum
1191 3173 1422 3264 interpretes,
1440 3185 1641 3262 quanquam

294 3303 331 3376 dc
353 3298 407 3372 bis
431 3323 571 3392 operam
595 3298 727 3374 dederit
751 3296 950 3375 adolescens
973 3300 1005 3366 dc
1027 3321 1113 3392 pene
1137 3319 1221 3390 puer
1247 3295 1311 3369 sub
1333 3291 1426 3366 haud
1453 3287 1655 3381 poeniten·'
1703 3349 1706 3356 .

296 3423 343 3495 do
367 3442 591 3514 praeceptore
621 3421 770 3519 Georqio
792 3421 947 3517 Benigno
972 3422 1146 3498 Salviato.
1169 3421 1255 3493 Nam
1277 3419 1310 3486 dc
1335 3409 1533 3504 theologiae
1569 3420 1645 3477 stu·

298 3539 405 3616 diosis
428 3543 623 3634 consuluit,
664 3571 743 3624 cum
765 3545 868 3642 huius
895 3543 1072 3620 facultatis
1114 3540 1342 3636 peritissimos
1367 3529 1548 3626 magistros
1564 3535 1639 3656 'suo

296 3656 335 3734 in
358 3655 643 3759 Archirynnasio
677 3692 755 3746 esse
778 3669 961 3768 jussisset,
984 3663 1300 3758 liberalissimisque
1322 3647 1478 3749 praemiis
1500 3642 1646 3773 invftass·

296 3800 376 3861 set.
401 3785 458 3862 llil
480 3813 566 3868 vero
590 3810 661 3870 tatu
684 3795 841 3882 curavit,
866 3811 1036 3889 quaerut
1062 3790 1215 3884 optimus
1240 3799 1332 3859 esset
1367 3769 1529 3866 magister
1559 3753 1651 3896 ‘dle-¹

300 3930 377 3981 '¹¹¹¹‘
402 3911 551 4002 mium,
574 3941 693 4012 quae,
725 3918 820 4014 quod
855 3917 1034 3995 verissima
1067 3931 1151 3990 sunt
1174 3908 1299 4012 sqlatia
1322 3902 1497 3990 ¹humanae
1532 3897 1649 3962 artae·

298 4023 527 4128 hominesque
554 4035 598 4110 ab
622 4036 699 4113 sero
725 4040 921 4133 agrestique
945 4029 1106 4106 adhunc
1131 4021 1320 4105 numanum
1345 4006 1549 4098 civilemque
1574 3991 1652 4070 ⁶¹¹¹·

301 4159 376 4221 turn
399 4153 594 4244 deduxere,
624 4163 670 4237 ab
691 4161 910 4252 hnmanitate
932 4157 1010 4250 ipsa
1032 4161 1160 4224 nomeu
1183 4147 1409 4226 acceperunt,
1429 4125 1566 4284 hocquqe
1579 4119 1649 4188 *δὲ’

303 4293 372 4346 uus
393 4268 585 4364 armavit
605 4269 789 4344 Parrhasio
811 4263 1049 4352 consentino,
1074 4257 1119 4334 ed
1140 4280 1244 4354 quem
1257 4253 1399 4348 litteras·
1413 4241 1491 4348 ⁶5⁶*
1550 4233 1650 4286 ⁰¹²⁰·

302 4390 576 4466 ducentissimae
598 4388 697 4463 dedit
716 4405 827 4464 restes
849 4385 905 4462 sui
927 4383 1151 4478 omniumque
1175 4373 1289 4448 iud²²⁴

1312 4355 1355 4412 oe
1389 4331 1480 4406 tlltus
1518 4329 1554 4404 in
1589 4329 1649 4404 his

309 4515 441 4582 artbtu
461 4519 693 4594 quamq„
720 4512 881 4584 pompa,
913 4508 970 4572 ..a
989 4509 1025 4545 m
1048 4457 1245 4563 periculum
1268 4453 1395 4556 capitit
1416 4467 1559 4538 venerat
1581 4445 1649 4528 sub
1757 4553 1762 4564 ·
