4472 5828
730 683 760 750 u
858 685 872 754 A
968 683 1004 752 τ
1105 685 1206 752 A·
1550 669 1588 774 1³5

409 800 544 876 Porro
549 791 685 900 minime
702 799 877 876 dubitabat
909 801 1081 883 loannes,
1104 803 1190 896 quiri
1218 802 1413 876 turbulenta
1435 786 1563 876 sutura
1592 823 1647 876 es-

312 915 388 1000 sent
414 927 579 998 comitia:
603 892 699 995 brevi
731 913 843 992 tamen
873 922 1050 1013 negotium
1080 924 1270 1032 ιὀιιιιέιιιιι
1296 927 1372 1010 est:
1390 927 1473 1036 nam
1499 927 1645 1014 septimo

314 1065 393 1136 post
417 1047 497 1132 die,
524 1071 624 1139 quam
641 1040 831 1115 conclavia
859 1042 1094 1116 Cardinales²
1086 1047 1248 1135 ingressi·
1236 1045 1419 1129 fuerant3
1436 1027 1572 1117 creatus
1595 1055 1648 1114 es't

312 1171 468 1240 Summus
495 1165 656 1237 Pontifex
684 1159 869 1236 Alexandri
894 1167 947 1235 Vl.
964 1166 1101 1266 nomine
1122 1163 1310 1238 Rodericirs
1333 1147 1512 1236 Leuaolius
1527 1165 1653 1234 Valen-

314 1290 430 1374 tinus,
466 1311 567 1379 quem
603 1285 765 1356 Callistus
796 1291 849 1356 lll.
875 1267 1022 1386 ejusdcm
1050 1288 1259 1368 avunculus
1284 1311 1362 1356 cum
1389 1269 1423 1356 iri
1449 1295 1652 1374 purpurato

314 1433 390 1478 rum
417 1409 554 1480 Patrum
575 1381 782 1526 collegium
794 1424 1014 1516 cooptasset,
1039 1407 1160 1497 gentili
1183 1407 1324 1497 Bor'giae
1351 1421 1578 1524 cognomento
1594 1405 1654 1474 dc·

314 1519 484 1599 naverat'.
510 1525 547 1596 Id
575 1551 679 1598 unum
707 1513 919 1618 propositum
948 1521 1035 1626 ¹suit
1049 1528 1168 1596 Ioauui
1208 1509 1465 1596 aufloriralem
1476 1528 1534 1596 δι
1541 1528 1654 1596 consi

312 1644 396 1719 lium
423 1649 521 1739 sequi
529 1633 720 1720 francisci
739 1619 1015 1726 Piccolominei,
1040 1644 1098 1737 qui
1132 1654 1251 1732 postea
1276 1625 1528 1714 Pontifi‘catum
1536 1629 1654 1716 Mariti-

315 1794 405 1840 mum
434 1756 641 1856 consecutus
673 1789 750 1862 est,
777 1775 809 1840 δι
834 1761 988 1837 Oliteril
1004 1767 1185 1844 Carallae,
1211 1766 1270 1856 qui
1299 1765 1472 1853 sapientia
1511 1745 1654 1876 praediti

316 1915 419 1980 prope
447 1887 625 1980 singulari
652 1889 739 1959 inter
779 1909 894 1958 omnes
934 1884 1173 1956 Cardinales'
1174 1868 1320 1955 eminere
1357 1867 1583 1953 videbaritttA.
1608 1869 1651 1950 lli

318 2010 475 2100 quamvis
500 2008 614 2078 omnia
638 2007 808 2086 mallent,
831 2031 931 2097 quam
958 2006 1134 2094 suffragari
1161 2002 1346 2087 lenzolio,
1381 2021 1530 2070 attamen
1560 2001 1652 2072 velt-t

315 2127 342 2194 ri
362 2129 496 2230 turbine
527 2127 674 2220 quodam
694 2125 823 2213 abrepti
848 2122 1024 2213 pedibus
1017 2125 1108 2196 A'vere
1135 2124 1169 2192 in
1196 2123 1401 2232 collegarum
1425 2121 1651 2250 sententiam,

316 2267 501 2338 praeeunte
528 2249 683 2336 omuibus
711 2247 860 2341 Ascanio
887 2247 995 2316 Maria
1020 2243 1172 2329 Βιοιιιιι,
1205 2271 1264 2337 qur
1255 2225 1373 2312 nihil
1398 2264 1467 2312 ιιοιι
1493 2243 1589 2334 egit,
1615 2262 1652 2312 ιιι

242 2417 247 2426 .
312 2366 340 2434 is
367 2391 436 2435 nou
462 2369 711 2464 prensatione
701 2367 831 2450 solum,
857 2391 895 2436 ac
923 2367 1044 2437 ceteris
1071 2365 1192 2435 officiis
1223 2392 1261 2438 ac
1286 2351 1547 2447 blandimentis,
1577 2353 1652 2456 qui·

315 2485 378 2558 bus
414 2487 590 2555 hominum
621 2485 734 2554 studia
768 2507 974 2574 captantur,
1004 2485 1078 2556 sed
1100 2487 1203 2592 etiam
1248 2486 1375 2558 ambitu
1404 2509 1443 2556 ac
1473 2484 1654 2576 largitione

315 2607 406 2678 viam
414 2604 497 2675 sibi
521 2605 562 2674 ad
588 2603 790 2676 beneficium
817 2605 1116 2702 impetrandum
1095 2607 1240 2678 munire
1258 2585 1398 2693 posset.
1393 2587 1490 2676 ln·
1486 2611 1574 2696 quo'
1605 2617 1657 2674 ιιι-

315 2749 393 2796 meu
423 2744 606 2816 patrator,
647 2721 735 2792 idem
777 2745 817 2792 ac
856 2725 983 2795 vindex
1025 2725 1176 2796 nefariae
1216 2725 1428 2814 corruptelae
1456 2726 1550 2798 suit.
1584 2732 1653 2800 Eos

314 2847 404 2918 enim
438 2845 559 2948 ipsos,
586 2865 732 2933 quorum
762 2838 929 2956 suffragia
954 2843 1054 2912 donis
1084 2843 1122 2911 ae
1148 2845 1322 2932 promissis
1351 2844 1416 2916 sibi
1450 2845 1654 2916 conciliasse

315 2947 500 3060 arguitur,
526 2986 597 3032 non
628 2959 735 3031 multo
770 2980 850 3049 post
882 2961 967 3030 adeo
999 2961 1124 3030 infeste
1155 2963 1266 3051 atque
1291 2945 1468 3038 hostiliter
1494 2989 1653 3055 persecu·

218 3143 223 3148 .
314 3105 371 3156 tus
401 3104 478 3167 est,
508 3101 547 3152 ιιι
586 3081 672 3150 alios
698 3076 854 3164 exilio,
861 3069 961 3174 alios
992 3079 1100 3150 morte
1125 3058 1383 3184 mul‘lauerit‚
1413 3105 1483 3154 Aron
1515 3086 1652 3176 quidem

259 3231 262 3238 ·
316 3173 397 3275 odio
430 3202 573 3292 flagitii,
598 3199 657 3270 sed
686 3223 754 3290 quo
791 3217 910 3270 eorum
940 3199 1093 3290 pecuniis
1113 3199 1317 3306 potiretur,
1336 3199 1469 3275 trt¹ss
1472 3207 1523 3274 set
1563 3205 1653 3312 uude
1740 3289 1742 3292 ¹

315 3323 453 3396 Caesari
489 3319 560 3390 lilio
606 3335 787 3410 perpetuos
816 3321 989 3390 exercitus
1019 3317 1130 3390 alenti
1150 3321 1218 3390 ad
1224 3344 1318 3390 suam
1349 3311 1537 3412 potentiam
1576 3349 1654 3400 cum

232 3491 235 3498 ,
316 3443 461 3537 aliorum
490 3441 693 3512 detrimento
729 3437 996 3528 amplificandam
1029 3458 1182 3532 sumptus
1215 3412 1538 3534 slippeditarentur
1628 3445 1635 3454 ’

408 3547 488 3655 'Qui
517 3560 628 3631 status
653 3555 798 3630 ¹futurus
827 3579 917 3629 esset
943 3558 1052 3630 urbis
1082 3559 1233 3647 Romae,
1265 3563 1354 3655 quae
1395 3543 1532 3636 fortuna
1551 3569 1554 3576 ’
1572 3567 1651 3638 uni·

314 3710 432 3757 tersae
448 3681 592 3767 ltaliae
621 3663 851 3790 gubernacula
883 3679 1073 3752 catholicae
1104 3682 1312 3769 reipublicae
1341 3681 1507 3755 tradaute
1530 3685 1651 3758 Ponti

293 3779 384 3905 ’,ιιοιι
406 3807 447 3876 ad
481 3781 665 3914 perdendas
695 3798 868 3884 familias,
898 3801 939 3872 ad
965 3778 1128 3898 delendos
1156 3801 1283 3872 civium
1314 3805 1479 3891 ordines,
1505 3805 1546 3876 ad
1577 3829 1654 3913 cor·

315 3925 520 4022 rumpendos
555 3944 686 4000 mores,
730 3927 761 3990 δι
795 3921 836 3991 ad
878 3907 1037 3990 inec-lidia
1071 3923 1287 3993 acerbissima
1329 3924 1513 3994 excitanda
1544 3945 1650 4011 nato,

315 4041 429 4114 taedas
461 4041 702 4142 suppeditante
732 4039 822 4110 furia
852 4040 909 4112 illa
941 4041 1094 4111 Caesaris
1121 4042 1289 4133 Borgiae‚
1318 4067 1418 4134 quem
1450 4069 1492 4116 ex
1524 4039 1652 4116 concti-

310 4163 391 4233 bina
422 4185 498 4231 cum
529 4161 602 4230 allis
629 4159 746 4229 liberis
775 4179 958 4250 genuerat,
988 4162 1089 4232 facile
1119 4165 1314 4251 praevidere
1342 4164 1457 4253 potuit
1482 4169 1647 4237 loannes.

308 4288 429 4373 ltaque
462 4280 576 4368 specie
606 4279 806 4384 consulendi
838 4281 935 4350 rebus
967 4281 1185 4364 domesticis,
1215 4287 1247 4353 a<
1273 4282 1483 4356 Florentirrae
1514 4287 1646 4376 Reipu-

309 4399 418 4473 blicae
452 4399 623 4487 negotiis,
653 4401 687 4486 iu
720 4401 886 4494 Etruriam
908 4404 1088 4495 remigrare
1117 4405 1331 4472 maturavit.
1360 4405 1439 4474 Erat
1471 4403 1555 4474 Pisis
1577 4409 1647 4477 No·

289 4517 437 4621 'vembri
468 4541 586 4588 meuse·
610 4519 756 4614 ejusdem
791 4521 871 4590 anni
902 4519 1138 4596 ucco'cxctt.
1155 4524 1292 4614 quando
1318 4521 1448 4595 litteras
1476 4525 1568 4598 dedit
1602 4529 1646 4598 ad
