4386 5838
712 721 744 790 v
838 727 853 795 1
951 725 984 795 Τ
1078 719 1111 794 Α
1487 741 1550 814 ιις

267 842 342 922 ulo,
363 853 404 912 ut
427 835 491 913 sibi
514 841 626 936 ntagrti
650 841 799 917 honores
822 845 1047 927 haberentur,
1072 863 1135 916 nec
1160 839 1322 916 dubitabo
1350 841 1419 916 hoc
1457 843 1491 915 in
1527 845 1601 938 ejus

269 960 369 1056 laude
391 985 542 1052 ponere,
567 967 660 1056 quod
675 966 776 1050 ,dum
801 969 971 1038 Bononiae
999 971 1144 1060 Legatos
1165 987 1349 1058 praeerat,
1374 967 1603 1038 ferreriorum

271 1083 450 1176 collegium
476 1085 517 1156 ad
542 1085 739 1158 imbuendos
765 1087 897 1176 optimis
921 1087 1404 1184 disciplinis'Pedemontanos
1438 1111 1519 1160 suos
1547 1091 1607 1159 in·

271 1207 441 1278 stituerit.
466 1205 604 1276 Minime
628 1230 764 1298 quoqne
790 1203 898 1280 defuit
919 1209 1077 1296 Hispanis
1103 1231 1270 1298 purpurae
1294 1211 1427 1295 honor,
1453 1231 1523 1302 quo
1548 1207 1606 1278 de·

187 1331 209 1346 “
272 1347 412 1396 curatus
439 1324 502 1396 fuit
524 1324 713 1397 Guilelmus
737 1329 957 1416 Raymundus
980 1329 1085 1402 Vicus
1112 1331 1221 1422 patria¹
1256 1329 1484 1413 Valenti-uus,
1511 1328 1607 1419 cujus

162 1429 193 1553 ι’
273 1469 353 1520 acre
378 1447 569 1540 judicium,
595 1449 776 1538 prudentia
800 1451 835 1520 in
860 1451 1009 1522 consiliis
1036 1451 1179 1533 dandis,
1200 1453 1236 1518 ¹&
1260 1451 1367 1536 pietas
1395 1471 1475 1539 erga
1498 1451 1610 1519 Deum

273 1589 295 1638 a
319 1567 432 1639 multis
458 1567 635 1639 laudatur.
659 1568 763 1640 Visus
784 1569 846 1640 sibi
875 1589 965 1642 esset
990 1571 1059 1642 Leo
1084 1574 1183 1664 quasi
1208 1571 1395 1644 desciuisse
1414 1570 1456 1639 ab
1479 1567 1613 1652 officio,
1700 1649 1703 1662 .

274 1687 303 1757 si
328 1687 497 1758 rationem
522 1691 624 1760 etiarn
650 1690 782 1780 patriae
807 1693 1131 1787 &propinquitatis
1156 1697 1289 1766 minime
1314 1693 1512 1764 habuisset.
1536 1691 1614 1758 lla·

267 1791 350 1880 ¹buit
375 1815 407 1882 &
429 1814 561 1898 meriti,
587 1835 663 1884 cum
698 1813 910 1884 nominasset
933 1815 1129 1886 Cardinales
1168 1814 1343 1896 Nicolaum
1369 1807 1617 1899 Ridolphiunr,
1716 1896 1719 1908 1

275 1951 348 2004 turn
376 1931 578 2012 imberbem,
605 1939 638 2005 c<
660 1939 819 2006 loannem
843 1933 1057 2021 Salviacum,
1082 1935 1139 2028 qui
1165 1958 1322 2005 sororum
1356 1931 1446 2005 illius
1475 1929 1537 1999 ‘filii
1569 1951 1615 1997 e·
1719 1935 1726 1942 “

276 2069 373 2125 rant.
396 2055 541 2144 Magnus
565 2050 621 2123 ille
646 2053 699 2125 vir
724 2056 858 2130 evasit,
884 2061 916 2126 δι
941 2055 1119 2126 Sadoletus
1144 2053 1448 2133 humanissimum,
1487 2045 1616 2119 doun·

275 2173 398 2244 simum
423 2197 463 2245 ac
486 2173 656 2245 liberalem
682 2175 912 2264 praedicavit,
932 2175 1058 2268 quippe
1078 2183 1135 2269 qui
1155 2173 1374 2266 Reipublicae
1392 2169 1613 2242 Christianae
1687 2247 1691 2254 ,

272 2293 461 2396 Ιεοιιιιιιοιίἰε
488 2293 609 2386 ubique
634 2299 666 2364 δι
691 2317 823 2384 semper
847 2294 1010 2366 studuit.
1036 2297 1087 2364 De
1113 2293 1173 2364 iilo
1209 2293 1316 2363 altero
1341 2315 1427 2364 vero
1464 2290 1513 2359 ait
1548 2289 1618 2361 sibi

254 2413 490 2504 „propositum
516 2437 646 2504 semper
668 2411 800 2496 fuisse,
827 2433 866 2483 ut
890 2413 982 2486 illum
1006 2417 1185 2506 praecipue
1210 2414 1365 2498 coleret,
1400 2425 1473 2480 nort
1507 2407 1619 2478 solum

278 2531 509 2622 amplitudinis
535 2538 566 2601 δι
592 2531 768 2627 dignitatis
804 2535 909 2624 ipsius
935 2558 1075 2619 caussa,
1116 2534 1210 2626 quod
1250 2533 1297 2604 illi
1332 2549 1407 2604 erat
1441 2549 1620 2600 commune

153 2691 167 2698 ·
234 2723 238 2739 ,
279 2677 359 2728 curn
381 2653 524 2742 multis,
551 2653 610 2726 sed
635 2653 743 2726 multo
769 2657 871 2727 etiam
896 2659 1002 2748 magis
1025 2656 1118 2746 quod
1144 2656 1172 2725 is
1199 2655 1263 2725 sibi
1288 2655 1467 2724 videbatur
1497 2651 1532 2719 in
1559 2645 1622 2718 illo

273 2777 401 2854 ¹ordine
423 2776 477 2849 vel
502 2775 620 2860 solus,
643 2775 698 2848 vel
723 2796 816 2849 certe
839 2801 913 2848 cum
940 2775 1145 2866 paucissimis
1165 2775 1324 2866 antiquae
1343 2773 1480 2844 virtutis
1508 2788 1623 2839 exem·

277 2895 372 2988 plum
397 2887 566 2968 retinere.
592 2895 654 2966 His
679 2895 766 2967 adde
790 2895 966 2984 Aloysium
981 2894 1163 2970 Rossium.
1188 2894 1250 2986 qui
1266 2893 1357 2985 quod
1385 2891 1500 2960 iisdem
1524 2909 1621 2977 prae·
1708 2905 1711 2912 ·

281 3017 388 3106 ceptis
414 3033 517 3107 atque
541 3038 610 3086 una
632 3016 851 3088 institutione
876 3015 1043 3086 formatus
1067 3033 1140 3087 erat
1165 3015 1200 3085 in
1224 3015 1327 3085 domo
1344 3007 1514 3081 Laurentii
1540 3005 1620 3074 Me«

280 3137 392 3223 dicei,
417 3161 460 3206 ex
486 3138 583 3228 cujus
609 3159 727 3208 sorore
752 3139 889 3228 genitus
914 3153 1012 3222 erat,
1037 3137 1198 3228 quodque
1221 3124 1626 3205 sibilidelissimeadsue·

279 3277 336 3330 tat
360 3259 395 3327 in
419 3257 514 3329 omni
538 3257 708 3328 varietate
744 3253 904 3328 fortunae
942 3255 1130 3350 adversae,
1163 3236 1357 3340 secundae,
1400 3267 1566 3342 angustae
1589 3249 1627 3318 δι

282 3377 434 3468 amplae,
461 3399 552 3449 unus
577 3397 658 3448 ante
684 3375 770 3448 alios
796 3375 951 3448 Pontifici
974 3377 1152 3448 videbatur
1177 3399 1253 3447 esse
1289 3372 1523 3445 charissimus.
1547 3369 1624 3437 Ro·
1650 3377 1653 3388 '

282 3523 403 3585 manos
428 3520 512 3570 vero
536 3499 602 3569 sibi
626 3497 824 3589 praesertim
848 3497 1059 3574 obstrinxit.
1084 3495 1175 3586 quod
1196 3515 1332 3586 praeter
1354 3517 1434 3574 eos,
1459 3511 1549 3583 quos
1564 3507 1626 3557 no·

282 3619 435 3699 minari,
461 3617 628 3690 nobilibus
653 3636 750 3688 ortos
787 3617 950 3702 familiis,
990 3615 1195 3708 functusque
1225 3605 1438 3703 amplissimis
1474 3607 1631 3679 muneri·

282 3740 373 3823 bus,
398 3739 617 3812 Franciscum
642 3738 686 3810 de
708 3737 926 3820 Comitibus‚
950 3738 1142 3830 Pompejum
1165 3733 1392 3812 Columnam,
1416 3735 1450 3803 δι
1483 3722 1630 3796 Franci-

283 3880 407 3944 scum,
429 3859 485 3934 vel
502 3861 734 3931 Franciottum
750 3859 924 3929 Ursinium
944 3879 1118 3946 purpureo
1137 3855 1255 3946 galero
1277 3852 1468 3946 insignivit·
1496 3844 1625 3926 Pacis,

282 3975 394 4069 inquit
418 3979 581 4072 Aegidius
628 3977 842 4061 cardinalis,
883 3981 1029 4049 leonem
1076 3973 1188 4064 ipsum
1213 3971 1411 4063 alloquens,
1450 3965 1628 4048 reduce,
1712 4067 1716 4077 Ι
1797 3973 1806 3992 ⁴

283 4095 428 4172 cultores
452 4101 642 4172 evasimus:
672 4099 844 4177 volemus,
867 4113 903 4168 te
929 4097 1043 4169 Leone
1066 4095 1249 4188 Principe,
1279 4088 1384 4183 fieri,
1410 4108 1495 4184 quae
1513 4083 1604 4173 fecit
1614 4128 1629 4164 φ

286 4239 361 4297 cum
383 4243 422 4294 sc
442 4221 540 4291 terris
562 4219 708 4290 ostendit
735 4219 808 4290 Leo
846 4219 888 4288 de
925 4215 1015 4286 tribu
1047 4214 1138 4290 ludu
1160 4263 1172 4283 .
1195 4263 1207 4284 .
1229 4259 1243 4280 .
1265 4260 1278 4280 .
1304 4212 1426 4282 Dicam
1463 4203 1498 4279 ὃν
1532 4201 1633 4274 aliud

285 4340 420 4412 suumne
443 4357 522 4411 tuae
543 4341 640 4434 puris
663 4341 753 4432 opus
775 4337 985 4407 inauditum·
1008 4331 1219 4404 Deducimus
1253 4329 1298 4402 de
1317 4351 1408 4402 more
1427 4329 1629 4401 Senatores:

294 4459 381 4532 Urbs
406 4461 512 4531 omnis
538 4455 765 4538 Columensem
787 4457 978 4527 comitatur:
1016 4470 1151 4525 ueritum
1188 4469 1262 4526 ctat
1294 4451 1344 4522 od
1380 4439 1627 4520 celemensium

286 4583 419 4659 domurn
441 4583 545 4660 diuite
564 4602 677 4680 gaqe,
699 4577 732 4652 ὃ·
748 4579 844 4673 festu
859 4576 985 4673 fronde
1006 4575 1136 4678 cutura
1154 4601 1174 4665 ,·
1196 4599 1275 4651 ecce
1305 4587 1476 4673 suppurent
1511 4583 1640 4668 portae
