4386 5838
556 665 602 738 86
942 665 972 740 L
1022 669 1048 738 E
1099 670 1131 737 0
1180 667 1210 738 N
1257 662 1271 738 l
1320 666 1343 738 S
1416 659 1455 740 Χ.

604 788 686 878 Quo
713 783 844 856 fretrus
876 783 937 871 id,
970 786 1063 877 quod
1087 811 1207 859 eorum
1230 809 1352 860 caussa
1374 783 1510 862 volebat
1530 831 1542 868 .
1565 781 1729 878 consequi
1765 791 1849 874 pos-i

503 925 581 992 set,
606 905 790 978 societates
814 920 917 995 atque
940 907 1111 978 amicitias
1137 911 1369 1001 potentiorum
1405 907 1558 980 studiose
1592 903 1753 986 colebat-3
1788 899 1852 976 sed

502 1026 531 1098 is
555 1048 630 1098 erat
655 1023 863 1120 publicarum
889 1051 1000 1100 rerum
1025 1048 1159 1116 status,
1184 1053 1226 1102 ea
1250 1028 1401 1100 conditio
1443 1047 1652 1118 temporum,
1689 1041 1737 1102 nt,
1767 1033 1867 1093 cum·

501 1147 593 1219 inter
617 1171 653 1218 se
678 1148 850 1239 perpetuis
874 1147 961 1220 odda
985 1149 1189 1223 dissiderent
1211 1147 1380 1222 Catholici
1404 1151 1536 1241 Reges,
1562 1145 1621 1219 uni
1646 1143 1762 1216 favere
1777 1165 1847 1216 noe

503 1291 643 1358 posset,
679 1270 762 1361 quin
798 1266 943 1340 alterum
977 1267 1185 1346 offenderet.
1225 1275 1432 1363 Magnopere
1465 1265 1634 1342 confidere
1666 1263 1845 1336 videbatur
1874 1282 1878 1301 ·

502 1390 654 1461 ilenrico
681 1385 868 1481 Anglorum
894 1386 999 1479 Regi,
1022 1389 1079 1481 qui
1104 1411 1183 1462 cum
1206 1389 1317 1464 vidior
1343 1413 1459 1481 parem
1484 1387 1615 1460 Galliae
1644 1385 1728 1476 Regi
1741 1373 1866 1455 obtu?

502 1508 625 1598 lisset,
647 1529 778 1578 ceteras
805 1505 894 1578 inter
918 1508 1132 1586 conditiones
1156 1509 1335 1596 decrevit,
1370 1531 1409 1586 ut
1427 1483 1589 1584 beatifici
1613 1505 1766 1596 oppida,
1792 1521 1853 1572 ca·

391 1721 394 1726 Ι
482 1607 625 1719 ''3stella,
660 1627 761 1699 sillae
785 1627 1029 1716 redderentur,
1056 1633 1089 1702 tr
1115 1651 1177 1719 pro
1213 1629 1304 1702 illius
1344 1629 1484 1704 arbitrio
1524 1651 1577 1700 res
1610 1623 1848 1696 Genuermium

506 1747 848 1820 administrarentur.
869 1749 956 1820 Sunt
980 1749 1115 1842 quidem
1140 1768 1245 1823 testes
1268 1749 1380 1822 eximii
1405 1749 1512 1822 studii
1538 1747 1674 1824 ilenrici
1700 1747 1736 1816 irr
1761 1743 1852 1814 Port-

505 1868 631 1939 tificem
657 1865 809 1955 litterae,
833 1889 916 1962 quas
943 1867 985 1940 ad
1017 1893 1096 1942 eum
1130 1871 1251 1954 dedit,
1289 1893 1467 1964 postquam
1503 1867 1663 1942 Pontifex
1697 1865 1770 1956 ipse
1809 1861 1857 1933 de

504 1987 688 2060 concordia
710 1989 774 2058 hac
801 1989 1034 2062 confirmanda
1058 1989 1240 2081 plurimum
1267 1993 1523 2066 adlaboraverat
1548 1986 1655 2079 (38).
1680 1989 1759 2058 Non
1784 2005 1848 2056 ae-

503 2134 572 2204 que
595 2110 734 2183 valuere
772 2111 889 2184 studia
926 2113 1050 2184 Leonis
1075 2113 1129 2185 'ad
1160 2115 1383 2186 avertendum
1421 2111 1585 2184 Ludovici
1625 2084 1737 2198 Regis
1764 2103 1853 2174 ani·

507 2255 601 2304 ntum
625 2234 668 2304 ab
692 2230 820 2306 Italicis
844 2231 969 2304 rebus:
994 2255 1134 2322 prorsus
1159 2235 1250 2308 enim
1274 2236 1332 2306 bic
1358 2257 1440 2308 suae
1456 2232 1599 2326 gloriae,
1622 2245 1774 2320 srtaoqtte
1799 2222 1861 2294 di·

511 2353 653 2444 gnitatis
677 2375 751 2424 esse
776 2354 919 2443 putabat
944 2341 1143 2446 recuperare
1176 2352 1483 2428 Mediolanensium
1518 2351 1717 2434 ditionem,
1751 2363 1856 2439 qnare

510 2493 688 2564 nunquam
711 2496 809 2544 orare
837 2476 993 2549 cessabat
1015 2474 1183 2561 Leonem,
1209 2474 1265 2546 val
1298 2493 1337 2548 ut
1363 2474 1542 2546 amicitiam
1575 2491 1691 2542 secum
1728 2467 1859 2561 junge·

505 2592 660 2685 rem-trel
685 2591 804 2696 saltem
829 2614 868 2668 ur
893 2619 936 2667 ne
961 2615 1134 2669 teneretur
1160 2597 1277 2668 alienis
1302 2596 1527 2668 foederibus.
1552 2595 1683 2663 Contra
1708 2609 1750 2660 ea
1769 2592 1860 2659 Cae·

507 2735 566 2788 sar
587 2714 702 2786 datam
723 2713 823 2786 fidem
845 2717 1077 2806 proponebat,
1111 2718 1382 2810 hortabaturque
1409 2717 1580 2798 Leonem,
1613 2735 1657 2784 ne
1698 2708 1858 2801 proderet

507 2835 674 2928 patriam,
699 2837 956 2930 universamque
980 2835 1131 2924 ltaliam,
1157 2861 1244 2931 quae
1271 2839 1461 2930 praeteritis
1487 2832 1648 2925 exemplis
1661 2825 1785 2904 edofia
1804 2822 1861 2898 nil

509 2967 581 3030 tam
605 2957 723 3029 timere
746 2955 908 3042 debebat,
942 2980 1044 3049 qnam
1067 2953 1247 3030 Gallorum
1272 2962 1488 3034 ambitionem
1515 2932 1619 3050 atque
1658 2946 1860 3043 perfidiam·

509 3079 558 3150 At
582 3077 663 3150 dum
687 3077 884 3152 Ludovicus
909 3078 1054 3152 maxime
1080 3081 1232 3152 intentus
1255 3101 1349 3158 erat.
1369 3100 1407 3154 ut
1432 3098 1584 3172 quantae
1608 3073 1755 3144 maxime
1772 3089 1862 3158 pos·

509 3213 589 3271 sent
614 3201 767 3290 pediturn
792 3200 1016 3294 equitumque
1041 3203 1158 3292 copiae
1181 3201 1218 3272 in
1241 3199 1374 3273 Italiam
1398 3199 1664 3294 traicerentur,
1690 3185 1856 3262 Kalendis

511 3320 660 3394 ianuarii
685 3345 739 3394 art.
764 3337 893 3396 mnxv.
918 3323 1008 3397 diem
1036 3323 1121 3396 obiit
1144 3343 1337 3414 supremum
1362 3339 1486 3410 magno
1510 3327 1593 3388 sane
1618 3333 1695 3384 cum
1717 3311 1876 3382 suorum

513 3439 629 3526 tuor,
653 3442 747 3534 quod
772 3447 842 3538 ejus
868 3445 1051 3536 singularis
1078 3444 1234 3526 bonitas,
1261 3445 1295 3512 bt
1320 3439 1478 3534 aequitas
1510 3456 1690 3511 commune
1713 3431 1877 3503 omnium·

514 3561 710 3654 perfugium
733 3587 808 3636 esso
832 3566 1034 3638 videbatur.
1067 3567 1156 3635 Cum
1192 3561 1308 3635 nullos
1341 3559 1536 3656 reliquisset
1569 3557 1695 3628 liberos
1730 3549 1864 3624 Salicae

471 3749 478 3764 ,
510 3679 729 3778 legisjussu,
756 3685 790 3758 in
815 3683 905 3756 illius
929 3682 1044 3760 locum
1069 3685 1235 3756 successit
1260 3685 1467 3756 Fraociscus
1492 3677 1647 3751 Valesius
1671 3674 1774 3766 hujus
1797 3691 1868 3742 no·

515 3800 616 3880 mitris
642 3807 667 3874 l.
693 3803 889 3876 adolescens
916 3823 1048 3889 aetate,
1073 3806 1226 3893 corporis
1254 3802 1390 3890 forma,
1415 3798 1642 3880 liberalitate,
1664 3791 1879 3868 humanita··

517 3941 581 4006 te,
603 3924 830 4016 omnibusque
853 3924 980 4022 iugenii
1004 3929 1038 3997 bt
1064 3925 1170 4000 animi
1202 3925 1417 4010 virtutibus,
1454 3927 1489 3995 bt
1523 3917 1704 3990 Gallorum
1742 3909 1880 3984 studiis·

518 4059 604 4112 sane
629 4023 996 4118 'commendatissimum
1020 4050 1108 4116 Cum
1132 4047 1201 4115 hoc
1227 4044 1426 4114 affinitatem
1450 4039 1597 4113 babebat
1616 4035 1765 4110 lulianus
1789 4034 1871 4102 Me·

521 4158 668 4238 dicerer
694 4159 840 4234 duxerat
879 4163 971 4239 enim
1004 4165 1062 4236 bie
1102 4187 1194 4238 atino
1229 4179 1310 4233 ante
1353 4162 1390 4232 io
1421 4156 1675 4234 matrimonium
1714 4149 1876 4226 Philiber·

438 4337 442 4344 -
523 4297 596 4358 taut
631 4277 747 4355 caroli
778 4283 883 4356 Ducis
910 4284 1181 4379 'Allobrogm
1212 4305 1314 4376 arque
1337 4279 1441 4372 Regis
1473 4279 1578 4372 ipsius
1615 4275 1734 4352 matris
1775 4282 1877 4342 roro·

531 4421 605 4474 tem
628 4396 738 4493 (39),
761 4409 867 4493 q'uare
891 4428 968 4476 eum
993 4425 1196 4498 ceterosque
1220 4403 1395 4477 Mediceos
1420 4423 1504 4472 cura
1539 4395 1686 4468 maxime
1710 4390 1878 4472 tenebat,

534 4513 576 4598 ut'
596 4540 669 4600 nrm
693 4517 818 4601 nobilis
844 4545 884 4600 ac
909 4525 1061 4618 potentis
1100 4526 1199 4622 Regis
1242 4518 1519 4620 benevolentiam
1555 4537 1595 4590 ae
1635 4512 1749 4590 studia
1783 4507 1896 4605 magia
