<?xml version="1.0" encoding="UTF-8"?>
<!DOCTYPE html PUBLIC "-//W3C//DTD XHTML 1.0 Transitional//EN"
    "http://www.w3.org/TR/xhtml1/DTD/xhtml1-transitional.dtd">
<html xmlns="http://www.w3.org/1999/xhtml" xml:lang="en" lang="en">
 <head>
  <title>
</title>
<meta http-equiv="Content-Type" content="text/html;charset=utf-8" />
  <meta name='ocr-system' content='tesseract 3.04.00' />
  <meta name='ocr-capabilities' content='ocr_page ocr_carea ocr_par ocr_line ocrx_word'/>
</head>
<body>
  <div class='ocr_page' id='page_1' title='image "./leonisxpontific00fabrgoog_0220.png"; bbox 0 0 4372 5842; ppageno 0'>
   <div class='ocr_carea' id='block_1_1' title="bbox 503 733 1958 4698">
    <p class='ocr_par' dir='ltr' id='par_1_1' title="bbox 503 733 1958 4698">
     <span class='ocr_line' id='line_1_1' title="bbox 669 733 1563 814; baseline -0.013 0"><span class='ocrx_word' id='word_1_1' title='bbox 669 759 739 814; x_wconf 79' lang='lat'>212</span> <span class='ocrx_word' id='word_1_2' title='bbox 1056 735 1450 808; x_wconf 59' lang='lat' dir='ltr'>Leonis</span> <span class='ocrx_word' id='word_1_3' title='bbox 1523 733 1563 802; x_wconf 88' lang='lat' dir='ltr'>X.</span> 
     </span>
     <span class='ocr_line' id='line_1_2' title="bbox 620 840 1955 950; baseline -0.007 -18"><span class='ocrx_word' id='word_1_4' title='bbox 620 863 709 932; x_wconf 86' lang='lat' dir='ltr'>bunc</span> <span class='ocrx_word' id='word_1_5' title='bbox 736 862 875 931; x_wconf 86' lang='lat' dir='ltr'>Romam</span> <span class='ocrx_word' id='word_1_6' title='bbox 900 859 1056 942; x_wconf 88' lang='lat' dir='ltr'>vocavit,</span> <span class='ocrx_word' id='word_1_7' title='bbox 1092 865 1125 932; x_wconf 77' lang='lat' dir='ltr'>a&lt;</span> <span class='ocrx_word' id='word_1_8' title='bbox 1160 857 1365 950; x_wconf 75' lang='lat' dir='ltr'><strong>nequiquam</strong></span> <span class='ocrx_word' id='word_1_9' title='bbox 1400 856 1601 946; x_wconf 85' lang='lat' dir='ltr'>deprecante</span> <span class='ocrx_word' id='word_1_10' title='bbox 1639 846 1780 923; x_wconf 89' lang='lat' dir='ltr'>Camillo</span> <span class='ocrx_word' id='word_1_11' title='bbox 1818 840 1955 922; x_wconf 71' lang='lat' dir='ltr'>Ursinis</span> 
     </span>
     <span class='ocr_line' id='line_1_3' title="bbox 620 967 1958 1074; baseline -0.013 -22"><span class='ocrx_word' id='word_1_12' title='bbox 620 983 690 1074; x_wconf 80' lang='lat' dir='ltr'>ojus</span> <span class='ocrx_word' id='word_1_13' title='bbox 711 1003 856 1073; x_wconf 83' lang='lat' dir='ltr'>genero,</span> <span class='ocrx_word' id='word_1_14' title='bbox 881 999 920 1050; x_wconf 91' lang='lat' dir='ltr'>ut</span> <span class='ocrx_word' id='word_1_15' title='bbox 944 979 1090 1051; x_wconf 88' lang='lat' dir='ltr'>hominis</span> <span class='ocrx_word' id='word_1_16' title='bbox 1116 980 1206 1050; x_wconf 89' lang='lat' dir='ltr'>vitae</span> <span class='ocrx_word' id='word_1_17' title='bbox 1232 993 1411 1068; x_wconf 86' lang='lat' dir='ltr'>parceret,</span> <span class='ocrx_word' id='word_1_18' title='bbox 1437 1001 1456 1046; x_wconf 92' lang='lat' dir='ltr'>a</span> <span class='ocrx_word' id='word_1_19' title='bbox 1478 999 1546 1068; x_wconf 90' lang='lat' dir='ltr'>quo</span> <span class='ocrx_word' id='word_1_20' title='bbox 1586 971 1731 1044; x_wconf 88' lang='lat' dir='ltr'>Medicei</span> <span class='ocrx_word' id='word_1_21' title='bbox 1762 967 1861 1072; x_wconf 23' lang='lat' dir='ltr'>ihaitd</span> <span class='ocrx_word' id='word_1_22' title='bbox 1886 990 1958 1036; x_wconf 86' lang='lat' dir='ltr'>rne-</span> 
     </span>
     <span class='ocr_line' id='line_1_4' title="bbox 619 1087 1955 1190; baseline -0.009 -16"><span class='ocrx_word' id='word_1_23' title='bbox 619 1104 749 1174; x_wconf 91' lang='lat' dir='ltr'>diocria</span> <span class='ocrx_word' id='word_1_24' title='bbox 777 1103 811 1172; x_wconf 92' lang='lat' dir='ltr'>in</span> <span class='ocrx_word' id='word_1_25' title='bbox 835 1101 924 1174; x_wconf 92' lang='lat' dir='ltr'>bello</span> <span class='ocrx_word' id='word_1_26' title='bbox 952 1117 1149 1190; x_wconf 87' lang='lat' dir='ltr'>acceperant</span> <span class='ocrx_word' id='word_1_27' title='bbox 1175 1097 1361 1182; x_wconf 82' lang='lat' dir='ltr'>beneficia,</span> <span class='ocrx_word' id='word_1_28' title='bbox 1395 1097 1551 1190; x_wconf 86' lang='lat' dir='ltr'>quique,</span> <span class='ocrx_word' id='word_1_29' title='bbox 1591 1093 1659 1166; x_wconf 92' lang='lat' dir='ltr'>nisi</span> <span class='ocrx_word' id='word_1_30' title='bbox 1690 1091 1778 1164; x_wconf 79' lang='lat' dir='ltr'>illius&#39;</span> <span class='ocrx_word' id='word_1_31' title='bbox 1819 1087 1955 1162; x_wconf 83' lang='lat' dir='ltr'>lenitati</span> 
     </span>
     <span class='ocr_line' id='line_1_5' title="bbox 620 1213 1956 1322; baseline -0.012 -27"><span class='ocrx_word' id='word_1_32' title='bbox 620 1225 768 1295; x_wconf 85' lang='lat' dir='ltr'>confisus</span> <span class='ocrx_word' id='word_1_33' title='bbox 793 1241 904 1304; x_wconf 86' lang='lat' dir='ltr'>esset,</span> <span class='ocrx_word' id='word_1_34' title='bbox 929 1221 1093 1312; x_wconf 91' lang='lat' dir='ltr'>patriam,</span> <span class='ocrx_word' id='word_1_35' title='bbox 1118 1219 1270 1312; x_wconf 91' lang='lat' dir='ltr'>quamvis</span> <span class='ocrx_word' id='word_1_36' title='bbox 1297 1218 1332 1288; x_wconf 89' lang='lat' dir='ltr'>in</span> <span class='ocrx_word' id='word_1_37' title='bbox 1355 1239 1397 1289; x_wconf 88' lang='lat' dir='ltr'>ea</span> <span class='ocrx_word' id='word_1_38' title='bbox 1420 1215 1769 1322; x_wconf 28' lang='lat' dir='ltr'>haberetqacerrintos</span> <span class='ocrx_word' id='word_1_39' title='bbox 1798 1213 1956 1283; x_wconf 87' lang='lat' dir='ltr'>adversa·</span> 
     </span>
     <span class='ocr_line' id='line_1_6' title="bbox 611 1331 1957 1434; baseline -0.008 -23"><span class='ocrx_word' id='word_1_40' title='bbox 611 1341 692 1413; x_wconf 77' lang='lat' dir='ltr'>’rios</span> <span class='ocrx_word' id='word_1_41' title='bbox 718 1345 832 1411; x_wconf 83' lang='lat' dir='ltr'>alimes</span> <span class='ocrx_word' id='word_1_42' title='bbox 859 1343 1122 1434; x_wconf 82' lang='lat' dir='ltr'>&amp;propinquos</span> <span class='ocrx_word' id='word_1_43' title='bbox 1148 1359 1287 1423; x_wconf 89' lang='lat' dir='ltr'>omnes,</span> <span class='ocrx_word' id='word_1_44' title='bbox 1312 1335 1446 1408; x_wconf 91' lang='lat' dir='ltr'>minime</span> <span class='ocrx_word' id='word_1_45' title='bbox 1472 1337 1696 1424; x_wconf 89' lang='lat' dir='ltr'>deseruisset,</span> <span class='ocrx_word' id='word_1_46' title='bbox 1726 1332 1836 1422; x_wconf 89' lang='lat' dir='ltr'>capite</span> <span class='ocrx_word' id='word_1_47' title='bbox 1859 1331 1957 1402; x_wconf 88' lang='lat' dir='ltr'>dam·</span> 
     </span>
     <span class='ocr_line' id='line_1_7' title="bbox 527 1449 1955 1554; baseline -0.009 -21"><span class='ocrx_word' id='word_1_48' title='bbox 527 1518 530 1524; x_wconf 90' lang='lat'>.</span> <span class='ocrx_word' id='word_1_49' title='bbox 617 1464 714 1534; x_wconf 91' lang='lat' dir='ltr'>navit</span> <span class='ocrx_word' id='word_1_50' title='bbox 745 1463 884 1550; x_wconf 80' lang='lat'>(124).</span> <span class='ocrx_word' id='word_1_51' title='bbox 918 1463 1108 1554; x_wconf 84' lang='lat' dir='ltr'>Antequam</span> <span class='ocrx_word' id='word_1_52' title='bbox 1147 1461 1249 1532; x_wconf 89' lang='lat' dir='ltr'>morti</span> <span class='ocrx_word' id='word_1_53' title='bbox 1271 1457 1479 1541; x_wconf 88' lang='lat' dir='ltr'>traderetur,</span> <span class='ocrx_word' id='word_1_54' title='bbox 1505 1477 1576 1527; x_wconf 93' lang='lat' dir='ltr'>non</span> <span class='ocrx_word' id='word_1_55' title='bbox 1602 1453 1711 1526; x_wconf 91' lang='lat' dir='ltr'>solum</span> <span class='ocrx_word' id='word_1_56' title='bbox 1740 1455 1783 1524; x_wconf 90' lang='lat' dir='ltr'>de</span> <span class='ocrx_word' id='word_1_57' title='bbox 1818 1449 1955 1544; x_wconf 80' lang='lat' dir='ltr'>objectis</span> 
     </span>
     <span class='ocr_line' id='line_1_8' title="bbox 538 1567 1955 1670; baseline -0.009 -19"><span class='ocrx_word' id='word_1_58' title='bbox 538 1609 552 1638; x_wconf 64' lang='grc' dir='ltr'><em>κ</em></span> <span class='ocrx_word' id='word_1_59' title='bbox 617 1581 840 1668; x_wconf 85' lang='lat' dir='ltr'>criminibus,</span> <span class='ocrx_word' id='word_1_60' title='bbox 865 1579 927 1651; x_wconf 82' lang='lat' dir='ltr'>sed</span> <span class='ocrx_word' id='word_1_61' title='bbox 951 1585 985 1650; x_wconf 78' lang='lat' dir='ltr'>bc</span> <span class='ocrx_word' id='word_1_62' title='bbox 1008 1582 1051 1651; x_wconf 90' lang='lat' dir='ltr'>de</span> <span class='ocrx_word' id='word_1_63' title='bbox 1075 1579 1187 1652; x_wconf 89' lang='lat' dir='ltr'>multis</span> <span class='ocrx_word' id='word_1_64' title='bbox 1214 1579 1289 1649; x_wconf 91' lang='lat' dir='ltr'>aliis</span> <span class='ocrx_word' id='word_1_65' title='bbox 1323 1575 1520 1662; x_wconf 86' lang='lat' dir='ltr'>maleficiis,</span> <span class='ocrx_word' id='word_1_66' title='bbox 1558 1598 1644 1670; x_wconf 88' lang='lat' dir='ltr'>quae</span> <span class='ocrx_word' id='word_1_67' title='bbox 1680 1574 1845 1666; x_wconf 89' lang='lat' dir='ltr'>potuisset</span> <span class='ocrx_word' id='word_1_68' title='bbox 1875 1567 1955 1639; x_wconf 86' lang='lat' dir='ltr'>infi-</span> 
     </span>
     <span class='ocr_line' id='line_1_9' title="bbox 540 1677 1952 1790; baseline -0.01 -18"><span class='ocrx_word' id='word_1_69' title='bbox 540 1709 541 1714; x_wconf 76' lang='grc'>’</span> <span class='ocrx_word' id='word_1_70' title='bbox 617 1702 701 1772; x_wconf 85' lang='lat' dir='ltr'>ciari</span> <span class='ocrx_word' id='word_1_71' title='bbox 736 1697 1019 1786; x_wconf 80' lang='lat' dir='ltr'>(feceratenim</span> <span class='ocrx_word' id='word_1_72' title='bbox 1042 1699 1150 1770; x_wconf 88' lang='lat' dir='ltr'>multa</span> <span class='ocrx_word' id='word_1_73' title='bbox 1175 1677 1304 1789; x_wconf 73' lang='lat' dir='ltr'>ilnpure</span> <span class='ocrx_word' id='word_1_74' title='bbox 1340 1715 1440 1790; x_wconf 89' lang='lat' dir='ltr'>atque</span> <span class='ocrx_word' id='word_1_75' title='bbox 1465 1701 1579 1785; x_wconf 89' lang='lat' dir='ltr'>tetre)</span> <span class='ocrx_word' id='word_1_76' title='bbox 1621 1714 1735 1786; x_wconf 90' lang='lat' dir='ltr'>aperte</span> <span class='ocrx_word' id='word_1_77' title='bbox 1768 1690 1952 1769; x_wconf 81' lang='lat' dir='ltr'>¹consessus</span> 
     </span>
     <span class='ocr_line' id='line_1_10' title="bbox 617 1809 1951 1917; baseline -0.01 -24"><span class='ocrx_word' id='word_1_78' title='bbox 617 1840 696 1904; x_wconf 89' lang='lat' dir='ltr'>est,</span> <span class='ocrx_word' id='word_1_79' title='bbox 722 1819 771 1892; x_wconf 89' lang='lat' dir='ltr'>sic</span> <span class='ocrx_word' id='word_1_80' title='bbox 797 1840 836 1893; x_wconf 91' lang='lat' dir='ltr'>ut</span> <span class='ocrx_word' id='word_1_81' title='bbox 873 1824 944 1917; x_wconf 90' lang='lat' dir='ltr'>ejus</span> <span class='ocrx_word' id='word_1_82' title='bbox 983 1821 1150 1911; x_wconf 90' lang='lat' dir='ltr'>supplicio</span> <span class='ocrx_word' id='word_1_83' title='bbox 1189 1843 1288 1892; x_wconf 91' lang='lat' dir='ltr'>nemo</span> <span class='ocrx_word' id='word_1_84' title='bbox 1328 1817 1558 1892; x_wconf 85' lang='lat' dir='ltr'>misericordia</span> <span class='ocrx_word' id='word_1_85' title='bbox 1595 1833 1783 1887; x_wconf 90' lang='lat' dir='ltr'>commotus</span> <span class='ocrx_word' id='word_1_86' title='bbox 1825 1809 1951 1883; x_wconf 83' lang='lat' dir='ltr'>suerit.</span> 
     </span>
     <span class='ocr_line' id='line_1_11' title="bbox 503 1931 1952 2030; baseline -0.009 -19"><span class='ocrx_word' id='word_1_87' title='bbox 503 1979 506 1985; x_wconf 91' lang='lat'>·</span> <span class='ocrx_word' id='word_1_88' title='bbox 615 1940 775 2011; x_wconf 84' lang='lat' dir='ltr'>Eamdem</span> <span class='ocrx_word' id='word_1_89' title='bbox 812 1963 957 2030; x_wconf 87' lang='lat' dir='ltr'>poenam</span> <span class='ocrx_word' id='word_1_90' title='bbox 989 1943 1131 2015; x_wconf 88' lang='lat' dir='ltr'>subiiere</span> <span class='ocrx_word' id='word_1_91' title='bbox 1166 1941 1333 2012; x_wconf 87' lang='lat' dir='ltr'>Amedeus</span> <span class='ocrx_word' id='word_1_92' title='bbox 1372 1935 1585 2010; x_wconf 82' lang='lat' dir='ltr'>Recinatium</span> <span class='ocrx_word' id='word_1_93' title='bbox 1627 1953 1820 2024; x_wconf 87' lang='lat' dir='ltr'>tyrannus,</span> <span class='ocrx_word' id='word_1_94' title='bbox 1853 1931 1952 2025; x_wconf 75' lang='lat' dir='ltr'>‘cujus</span> 
     </span>
     <span class='ocr_line' id='line_1_12' title="bbox 614 2043 1953 2157; baseline -0.009 -26"><span class='ocrx_word' id='word_1_95' title='bbox 614 2061 794 2157; x_wconf 74' lang='lat' dir='ltr'>projeelam</span> <span class='ocrx_word' id='word_1_96' title='bbox 819 2085 893 2134; x_wconf 88' lang='lat' dir='ltr'>esse</span> <span class='ocrx_word' id='word_1_97' title='bbox 919 2061 1093 2134; x_wconf 84' lang='lat' dir='ltr'>audaciam</span> <span class='ocrx_word' id='word_1_98' title='bbox 1119 2067 1153 2133; x_wconf 75' lang='lat' dir='ltr'>bc</span> <span class='ocrx_word' id='word_1_99' title='bbox 1176 2043 1372 2136; x_wconf 83' lang='lat' dir='ltr'>effrenatam</span> <span class='ocrx_word' id='word_1_100' title='bbox 1395 2059 1616 2150; x_wconf 84' lang='lat' dir='ltr'>cupiditatem</span> <span class='ocrx_word' id='word_1_101' title='bbox 1647 2053 1798 2126; x_wconf 90' lang='lat' dir='ltr'>novandi</span> <span class='ocrx_word' id='word_1_102' title='bbox 1817 2073 1871 2122; x_wconf 88' lang='lat' dir='ltr'>res</span> <span class='ocrx_word' id='word_1_103' title='bbox 1900 2073 1953 2120; x_wconf 89' lang='lat' dir='ltr'>sa·</span> 
     </span>
     <span class='ocr_line' id='line_1_13' title="bbox 612 2171 1953 2274; baseline -0.01 -23"><span class='ocrx_word' id='word_1_104' title='bbox 612 2183 656 2252; x_wconf 92' lang='lat' dir='ltr'>tis</span> <span class='ocrx_word' id='word_1_105' title='bbox 680 2183 886 2270; x_wconf 87' lang='lat' dir='ltr'>constabat,</span> <span class='ocrx_word' id='word_1_106' title='bbox 913 2185 946 2253; x_wconf 76' lang='lat' dir='ltr'>sc</span> <span class='ocrx_word' id='word_1_107' title='bbox 971 2179 1164 2266; x_wconf 88' lang='lat' dir='ltr'>Zibichius,</span> <span class='ocrx_word' id='word_1_108' title='bbox 1191 2185 1248 2274; x_wconf 93' lang='lat' dir='ltr'>qui</span> <span class='ocrx_word' id='word_1_109' title='bbox 1272 2182 1426 2252; x_wconf 88' lang='lat' dir='ltr'>Fabriani</span> <span class='ocrx_word' id='word_1_110' title='bbox 1451 2175 1756 2252; x_wconf 87' lang='lat' dir='ltr'>turbulentissimas</span> <span class='ocrx_word' id='word_1_111' title='bbox 1788 2171 1953 2244; x_wconf 87' lang='lat' dir='ltr'>habuerat</span> 
     </span>
     <span class='ocr_line' id='line_1_14' title="bbox 614 2294 1952 2388; baseline -0.008 -17"><span class='ocrx_word' id='word_1_112' title='bbox 614 2302 798 2373; x_wconf 85' lang='lat' dir='ltr'>conciones</span> <span class='ocrx_word' id='word_1_113' title='bbox 813 2353 824 2388; x_wconf 92' lang='lat'>,</span> <span class='ocrx_word' id='word_1_114' title='bbox 839 2307 873 2374; x_wconf 75' lang='lat' dir='ltr'>bc</span> <span class='ocrx_word' id='word_1_115' title='bbox 893 2299 1034 2384; x_wconf 83' lang='lat' dir='ltr'>exules,</span> <span class='ocrx_word' id='word_1_116' title='bbox 1060 2305 1094 2374; x_wconf 76' lang='grc' dir='ltr'>δι</span> <span class='ocrx_word' id='word_1_117' title='bbox 1117 2302 1297 2374; x_wconf 87' lang='lat' dir='ltr'>obaeratos</span> <span class='ocrx_word' id='word_1_118' title='bbox 1329 2301 1372 2373; x_wconf 90' lang='lat' dir='ltr'>ad</span> <span class='ocrx_word' id='word_1_119' title='bbox 1396 2325 1488 2373; x_wconf 87' lang='lat' dir='ltr'>arma</span> <span class='ocrx_word' id='word_1_120' title='bbox 1519 2309 1736 2372; x_wconf 83' lang='lat' dir='ltr'>vocaverat.</span> <span class='ocrx_word' id='word_1_121' title='bbox 1759 2294 1839 2365; x_wconf 91' lang='lat' dir='ltr'>Luit</span> <span class='ocrx_word' id='word_1_122' title='bbox 1862 2313 1952 2386; x_wconf 90' lang='lat' dir='ltr'>quo-</span> 
     </span>
     <span class='ocr_line' id='line_1_15' title="bbox 612 2413 1950 2514; baseline -0.005 -22"><span class='ocrx_word' id='word_1_123' title='bbox 612 2445 680 2514; x_wconf 92' lang='lat' dir='ltr'>que</span> <span class='ocrx_word' id='word_1_124' title='bbox 705 2421 817 2512; x_wconf 88' lang='lat' dir='ltr'>capite</span> <span class='ocrx_word' id='word_1_125' title='bbox 842 2443 969 2510; x_wconf 88' lang='lat' dir='ltr'>poenas</span> <span class='ocrx_word' id='word_1_126' title='bbox 995 2421 1210 2512; x_wconf 88' lang='lat' dir='ltr'>Reipublicae</span> <span class='ocrx_word' id='word_1_127' title='bbox 1235 2421 1357 2495; x_wconf 78' lang='lat' dir='ltr'>Hector</span> <span class='ocrx_word' id='word_1_128' title='bbox 1381 2421 1585 2494; x_wconf 89' lang='lat' dir='ltr'>Severianus</span> <span class='ocrx_word' id='word_1_129' title='bbox 1611 2417 1736 2494; x_wconf 88' lang='lat' dir='ltr'>virium</span> <span class='ocrx_word' id='word_1_130' title='bbox 1755 2417 1878 2488; x_wconf 87' lang='lat' dir='ltr'>robore</span> <span class='ocrx_word' id='word_1_131' title='bbox 1894 2413 1950 2485; x_wconf 90' lang='lat' dir='ltr'>in·</span> 
     </span>
     <span class='ocr_line' id='line_1_16' title="bbox 609 2539 1954 2640; baseline -0.004 -27"><span class='ocrx_word' id='word_1_132' title='bbox 609 2543 737 2635; x_wconf 86' lang='lat' dir='ltr'>signis,</span> <span class='ocrx_word' id='word_1_133' title='bbox 760 2543 819 2634; x_wconf 90' lang='lat' dir='ltr'>qui</span> <span class='ocrx_word' id='word_1_134' title='bbox 844 2544 1028 2632; x_wconf 87' lang='lat' dir='ltr'>caedibus,</span> <span class='ocrx_word' id='word_1_135' title='bbox 1053 2543 1203 2634; x_wconf 88' lang='lat' dir='ltr'>rapinis,</span> <span class='ocrx_word' id='word_1_136' title='bbox 1228 2541 1385 2640; x_wconf 87' lang='lat' dir='ltr'>omnique</span> <span class='ocrx_word' id='word_1_137' title='bbox 1410 2542 1575 2618; x_wconf 89' lang='lat' dir='ltr'>scelerum</span> <span class='ocrx_word' id='word_1_138' title='bbox 1597 2563 1720 2638; x_wconf 80' lang='lat' dir='ltr'>genere</span> <span class='ocrx_word' id='word_1_139' title='bbox 1742 2539 1954 2610; x_wconf 87' lang='lat' dir='ltr'>Beneventa-</span> 
     </span>
     <span class='ocr_line' id='line_1_17' title="bbox 609 2657 1950 2780; baseline -0.004 -48"><span class='ocrx_word' id='word_1_140' title='bbox 609 2683 676 2732; x_wconf 88' lang='lat' dir='ltr'>nos</span> <span class='ocrx_word' id='word_1_141' title='bbox 701 2683 783 2735; x_wconf 88' lang='lat' dir='ltr'>suos</span> <span class='ocrx_word' id='word_1_142' title='bbox 813 2683 1028 2738; x_wconf 85' lang='lat' dir='ltr'>vexaverat.</span> <span class='ocrx_word' id='word_1_143' title='bbox 1063 2669 1168 2780; x_wconf 28' lang='lat' dir='ltr'>eumq</span> <span class='ocrx_word' id='word_1_144' title='bbox 1186 2665 1275 2740; x_wconf 87' lang='lat' dir='ltr'>inter</span> <span class='ocrx_word' id='word_1_145' title='bbox 1303 2691 1341 2740; x_wconf 88' lang='lat' dir='ltr'>se</span> <span class='ocrx_word' id='word_1_146' title='bbox 1379 2665 1580 2738; x_wconf 87' lang='lat' dir='ltr'>inveteratis</span> <span class='ocrx_word' id='word_1_147' title='bbox 1618 2663 1709 2736; x_wconf 90' lang='lat' dir='ltr'>odiis</span> <span class='ocrx_word' id='word_1_148' title='bbox 1744 2657 1950 2732; x_wconf 85' lang='lat' dir='ltr'>dissiderent</span> 
     </span>
     <span class='ocr_line' id='line_1_18' title="bbox 607 2779 1953 2882; baseline -0.002 -30"><span class='ocrx_word' id='word_1_149' title='bbox 607 2782 727 2856; x_wconf 84' lang='lat' dir='ltr'>Aesinl</span> <span class='ocrx_word' id='word_1_150' title='bbox 742 2799 852 2878; x_wconf 85' lang='lat' dir='ltr'>&#39;atque</span> <span class='ocrx_word' id='word_1_151' title='bbox 876 2785 1108 2875; x_wconf 85' lang='lat' dir='ltr'>Anconitani,</span> <span class='ocrx_word' id='word_1_152' title='bbox 1133 2812 1242 2882; x_wconf 89' lang='lat' dir='ltr'>neque</span> <span class='ocrx_word' id='word_1_153' title='bbox 1261 2813 1298 2863; x_wconf 86' lang='lat' dir='ltr'>se</span> <span class='ocrx_word' id='word_1_154' title='bbox 1332 2787 1374 2862; x_wconf 90' lang='lat' dir='ltr'>ab</span> <span class='ocrx_word' id='word_1_155' title='bbox 1407 2784 1591 2860; x_wconf 85' lang='lat' dir='ltr'>inserendis</span> <span class='ocrx_word' id='word_1_156' title='bbox 1628 2779 1760 2876; x_wconf 83' lang='lat' dir='ltr'>injuriis</span> <span class='ocrx_word' id='word_1_157' title='bbox 1799 2779 1953 2852; x_wconf 90' lang='lat' dir='ltr'>contine·</span> 
     </span>
     <span class='ocr_line' id='line_1_19' title="bbox 605 2898 1949 2999; baseline -0.002 -26"><span class='ocrx_word' id='word_1_158' title='bbox 605 2920 705 2987; x_wconf 87' lang='lat' dir='ltr'>rent,</span> <span class='ocrx_word' id='word_1_159' title='bbox 730 2927 802 2978; x_wconf 89' lang='lat' dir='ltr'>non</span> <span class='ocrx_word' id='word_1_160' title='bbox 827 2906 910 2980; x_wconf 90' lang='lat' dir='ltr'>sivit</span> <span class='ocrx_word' id='word_1_161' title='bbox 936 2909 1002 2980; x_wconf 91' lang='lat' dir='ltr'>Leo</span> <span class='ocrx_word' id='word_1_162' title='bbox 1028 2933 1102 2981; x_wconf 89' lang='lat' dir='ltr'>esse</span> <span class='ocrx_word' id='word_1_163' title='bbox 1127 2909 1269 2984; x_wconf 86' lang='lat' dir='ltr'>inultam</span> <span class='ocrx_word' id='word_1_164' title='bbox 1295 2907 1562 2999; x_wconf 87' lang='lat' dir='ltr'>impunitamque</span> <span class='ocrx_word' id='word_1_165' title='bbox 1595 2927 1714 2979; x_wconf 90' lang='lat' dir='ltr'>eorum</span> <span class='ocrx_word' id='word_1_166' title='bbox 1749 2898 1949 2976; x_wconf 84' lang='lat' dir='ltr'>audaciam.</span> 
     </span>
     <span class='ocr_line' id='line_1_20' title="bbox 607 3015 1946 3122; baseline 0.001 -33"><span class='ocrx_word' id='word_1_167' title='bbox 607 3015 736 3095; x_wconf 80' lang='lat' dir='ltr'>Eodem</span> <span class='ocrx_word' id='word_1_168' title='bbox 761 3043 937 3118; x_wconf 87' lang='lat' dir='ltr'>tempore,</span> <span class='ocrx_word' id='word_1_169' title='bbox 962 3052 1031 3120; x_wconf 92' lang='lat' dir='ltr'>quo</span> <span class='ocrx_word' id='word_1_170' title='bbox 1057 3030 1127 3122; x_wconf 90' lang='lat' dir='ltr'>egit</span> <span class='ocrx_word' id='word_1_171' title='bbox 1151 3030 1389 3102; x_wconf 84' lang='lat' dir='ltr'>humanissime</span> <span class='ocrx_word' id='word_1_172' title='bbox 1412 3051 1487 3101; x_wconf 91' lang='lat' dir='ltr'>cum</span> <span class='ocrx_word' id='word_1_173' title='bbox 1513 3027 1732 3110; x_wconf 88' lang='lat' dir='ltr'>Hannibale,</span> <span class='ocrx_word' id='word_1_174' title='bbox 1767 3019 1946 3108; x_wconf 86' lang='lat' dir='ltr'>Antonio,</span> 
     </span>
     <span class='ocr_line' id='line_1_21' title="bbox 609 3144 1951 3235; baseline 0.001 -23"><span class='ocrx_word' id='word_1_175' title='bbox 609 3144 768 3218; x_wconf 88' lang='lat' dir='ltr'>Galeatio</span> <span class='ocrx_word' id='word_1_176' title='bbox 784 3195 797 3230; x_wconf 90' lang='lat'>,</span> <span class='ocrx_word' id='word_1_177' title='bbox 822 3147 1044 3234; x_wconf 85' lang='lat' dir='ltr'>Alexandro,</span> <span class='ocrx_word' id='word_1_178' title='bbox 1086 3151 1242 3223; x_wconf 88' lang='lat' dir='ltr'>Hermete</span> <span class='ocrx_word' id='word_1_179' title='bbox 1278 3151 1465 3224; x_wconf 89' lang='lat' dir='ltr'>Bentivolis</span> <span class='ocrx_word' id='word_1_180' title='bbox 1503 3149 1694 3231; x_wconf 87' lang='lat' dir='ltr'>fratribus,</span> <span class='ocrx_word' id='word_1_181' title='bbox 1726 3145 1951 3235; x_wconf 88' lang='lat' dir='ltr'>omnibusque</span> 
     </span>
     <span class='ocr_line' id='line_1_22' title="bbox 537 3263 1949 3364; baseline 0.001 -31"><span class='ocrx_word' id='word_1_182' title='bbox 537 3265 541 3272; x_wconf 79' lang='grc'><strong>“</strong></span> <span class='ocrx_word' id='word_1_183' title='bbox 606 3263 676 3338; x_wconf 90' lang='lat' dir='ltr'>illis</span> <span class='ocrx_word' id='word_1_184' title='bbox 700 3270 993 3358; x_wconf 89' lang='lat' dir='ltr'>Bononiensibus,</span> <span class='ocrx_word' id='word_1_185' title='bbox 1019 3272 1079 3364; x_wconf 89' lang='lat' dir='ltr'>qui</span> <span class='ocrx_word' id='word_1_186' title='bbox 1104 3271 1239 3345; x_wconf 87' lang='lat' dir='ltr'>illorum</span> <span class='ocrx_word' id='word_1_187' title='bbox 1263 3291 1376 3364; x_wconf 91' lang='lat' dir='ltr'>partes</span> <span class='ocrx_word' id='word_1_188' title='bbox 1401 3271 1510 3343; x_wconf 87' lang='lat' dir='ltr'>secuti</span> <span class='ocrx_word' id='word_1_189' title='bbox 1535 3269 1693 3354; x_wconf 90' lang='lat' dir='ltr'>fuerant,</span> <span class='ocrx_word' id='word_1_190' title='bbox 1734 3267 1878 3342; x_wconf 88' lang='lat' dir='ltr'>reddens</span> <span class='ocrx_word' id='word_1_191' title='bbox 1904 3263 1949 3336; x_wconf 89' lang='lat' dir='ltr'>il-</span> 
     </span>
     <span class='ocr_line' id='line_1_23' title="bbox 604 3381 1950 3487; baseline 0.004 -32"><span class='ocrx_word' id='word_1_192' title='bbox 604 3381 650 3456; x_wconf 89' lang='lat' dir='ltr'>lis</span> <span class='ocrx_word' id='word_1_193' title='bbox 674 3386 763 3464; x_wconf 85' lang='lat' dir='ltr'>lares</span> <span class='ocrx_word' id='word_1_194' title='bbox 787 3395 822 3462; x_wconf 74' lang='lat' dir='ltr'>tc</span> <span class='ocrx_word' id='word_1_195' title='bbox 845 3392 968 3477; x_wconf 89' lang='lat' dir='ltr'>bona,</span> <span class='ocrx_word' id='word_1_196' title='bbox 993 3389 1024 3461; x_wconf 90' lang='lat' dir='ltr'>si</span> <span class='ocrx_word' id='word_1_197' title='bbox 1048 3389 1107 3483; x_wconf 90' lang='lat' dir='ltr'>qui</span> <span class='ocrx_word' id='word_1_198' title='bbox 1132 3415 1250 3466; x_wconf 91' lang='lat' dir='ltr'>eorum</span> <span class='ocrx_word' id='word_1_199' title='bbox 1282 3393 1445 3480; x_wconf 82' lang='lat' dir='ltr'>extitere,</span> <span class='ocrx_word' id='word_1_200' title='bbox 1466 3393 1525 3487; x_wconf 91' lang='lat' dir='ltr'>qui</span> <span class='ocrx_word' id='word_1_201' title='bbox 1550 3393 1626 3480; x_wconf 91' lang='lat' dir='ltr'>sui,</span> <span class='ocrx_word' id='word_1_202' title='bbox 1666 3391 1950 3484; x_wconf 84' lang='lat' dir='ltr'>magistratuum·</span> 
     </span>
     <span class='ocr_line' id='line_1_24' title="bbox 607 3489 1944 3606; baseline 0.001 -26"><span class='ocrx_word' id='word_1_203' title='bbox 607 3531 676 3601; x_wconf 87' lang='lat' dir='ltr'>que</span> <span class='ocrx_word' id='word_1_204' title='bbox 700 3511 792 3606; x_wconf 84' lang='lat' dir='ltr'>jussa</span> <span class='ocrx_word' id='word_1_205' title='bbox 815 3513 1022 3606; x_wconf 79' lang='lat' dir='ltr'>negligentes</span> <span class='ocrx_word' id='word_1_206' title='bbox 1057 3511 1219 3584; x_wconf 89' lang='lat' dir='ltr'>lascivire</span> <span class='ocrx_word' id='word_1_207' title='bbox 1248 3493 1375 3586; x_wconf 77' lang='lat' dir='ltr'>iterurlt</span> <span class='ocrx_word' id='word_1_208' title='bbox 1397 3513 1473 3586; x_wconf 90' lang='lat' dir='ltr'>ausi</span> <span class='ocrx_word' id='word_1_209' title='bbox 1514 3489 1666 3595; x_wconf 86' lang='lat' dir='ltr'>suerint,</span> <span class='ocrx_word' id='word_1_210' title='bbox 1703 3535 1787 3586; x_wconf 86' lang='lat' dir='ltr'>sane</span> <span class='ocrx_word' id='word_1_211' title='bbox 1831 3509 1944 3602; x_wconf 90' lang='lat' dir='ltr'>coegit</span> 
     </span>
     <span class='ocr_line' id='line_1_25' title="bbox 605 3627 1949 3727; baseline 0.002 -29"><span class='ocrx_word' id='word_1_212' title='bbox 605 3627 700 3717; x_wconf 85' lang='lat' dir='ltr'>ipsos</span> <span class='ocrx_word' id='word_1_213' title='bbox 725 3631 975 3705; x_wconf 87' lang='lat' dir='ltr'>inconstantiae</span> <span class='ocrx_word' id='word_1_214' title='bbox 1008 3633 1273 3727; x_wconf 87' lang='lat' dir='ltr'>temeritatisque</span> <span class='ocrx_word' id='word_1_215' title='bbox 1294 3635 1491 3724; x_wconf 90' lang='lat' dir='ltr'>poenitere.</span> <span class='ocrx_word' id='word_1_216' title='bbox 1516 3637 1598 3706; x_wconf 87' lang='lat' dir='ltr'>Eam</span> <span class='ocrx_word' id='word_1_217' title='bbox 1620 3633 1712 3705; x_wconf 88' lang='lat' dir='ltr'>enim</span> <span class='ocrx_word' id='word_1_218' title='bbox 1735 3654 1810 3704; x_wconf 90' lang='lat' dir='ltr'>esse</span> <span class='ocrx_word' id='word_1_219' title='bbox 1848 3645 1949 3702; x_wconf 53' lang='lat' dir='ltr'>meni</span> 
     </span>
     <span class='ocr_line' id='line_1_26' title="bbox 605 3743 1951 3844; baseline 0.003 -27"><span class='ocrx_word' id='word_1_220' title='bbox 605 3766 675 3818; x_wconf 90' lang='lat' dir='ltr'>tem</span> <span class='ocrx_word' id='word_1_221' title='bbox 699 3769 795 3822; x_wconf 85' lang='lat' dir='ltr'>suam</span> <span class='ocrx_word' id='word_1_222' title='bbox 819 3749 929 3842; x_wconf 90' lang='lat' dir='ltr'>palam</span> <span class='ocrx_word' id='word_1_223' title='bbox 951 3752 1149 3838; x_wconf 70' lang='lat' dir='ltr'>diditabat,</span> <span class='ocrx_word' id='word_1_224' title='bbox 1188 3743 1233 3826; x_wconf 83' lang='lat' dir='ltr'>ne</span> <span class='ocrx_word' id='word_1_225' title='bbox 1255 3777 1443 3844; x_wconf 90' lang='lat' dir='ltr'>paucorum</span> <span class='ocrx_word' id='word_1_226' title='bbox 1466 3753 1643 3825; x_wconf 89' lang='lat' dir='ltr'>hominum</span> <span class='ocrx_word' id='word_1_227' title='bbox 1680 3778 1800 3827; x_wconf 87' lang='lat' dir='ltr'>caussa</span> <span class='ocrx_word' id='word_1_228' title='bbox 1835 3775 1951 3844; x_wconf 88' lang='lat' dir='ltr'>popu-</span> 
     </span>
     <span class='ocr_line' id='line_1_27' title="bbox 604 3865 1949 3970; baseline 0.002 -32"><span class='ocrx_word' id='word_1_229' title='bbox 604 3865 718 3940; x_wconf 90' lang='lat' dir='ltr'>lorum</span> <span class='ocrx_word' id='word_1_230' title='bbox 743 3895 810 3962; x_wconf 83' lang='lat' dir='ltr'>pax</span> <span class='ocrx_word' id='word_1_231' title='bbox 828 3873 867 3940; x_wconf 72' lang='lat' dir='ltr'>&#39;dt</span> <span class='ocrx_word' id='word_1_232' title='bbox 892 3871 1113 3966; x_wconf 87' lang='lat' dir='ltr'>tranquillitas</span> <span class='ocrx_word' id='word_1_233' title='bbox 1140 3877 1419 3965; x_wconf 81' lang='lat' dir='ltr'>perturbaretur,</span> <span class='ocrx_word' id='word_1_234' title='bbox 1444 3894 1552 3970; x_wconf 90' lang='lat' dir='ltr'>utque</span> <span class='ocrx_word' id='word_1_235' title='bbox 1577 3899 1621 3946; x_wconf 86' lang='lat' dir='ltr'>ex</span> <span class='ocrx_word' id='word_1_236' title='bbox 1646 3875 1758 3948; x_wconf 88' lang='lat' dir='ltr'>alieno</span> <span class='ocrx_word' id='word_1_237' title='bbox 1794 3869 1949 3964; x_wconf 86' lang='lat' dir='ltr'>periculo</span> 
     </span>
     <span class='ocr_line' id='line_1_28' title="bbox 603 3989 1949 4089; baseline 0.001 -24"><span class='ocrx_word' id='word_1_238' title='bbox 603 3989 728 4084; x_wconf 81' lang='lat' dir='ltr'>reliqui</span> <span class='ocrx_word' id='word_1_239' title='bbox 756 3991 928 4064; x_wconf 88' lang='lat' dir='ltr'>discerent</span> <span class='ocrx_word' id='word_1_240' title='bbox 954 3993 1037 4064; x_wconf 91' lang='lat' dir='ltr'>nibil</span> <span class='ocrx_word' id='word_1_241' title='bbox 1063 4013 1184 4067; x_wconf 90' lang='lat' dir='ltr'>contra</span> <span class='ocrx_word' id='word_1_242' title='bbox 1209 3995 1460 4086; x_wconf 88' lang='lat' dir='ltr'>Rempublicam</span> <span class='ocrx_word' id='word_1_243' title='bbox 1486 3997 1636 4089; x_wconf 88' lang='lat' dir='ltr'>cogitare</span> <span class='ocrx_word' id='word_1_244' title='bbox 1661 4001 1695 4068; x_wconf 77' lang='grc' dir='ltr'>δι</span> <span class='ocrx_word' id='word_1_245' title='bbox 1721 3995 1860 4068; x_wconf 83' lang='lat' dir='ltr'>iacere.</span> <span class='ocrx_word' id='word_1_246' title='bbox 1885 3995 1949 4066; x_wconf 86' lang='lat' dir='ltr'>Pe-</span> 
     </span>
     <span class='ocr_line' id='line_1_29' title="bbox 605 4111 1947 4210; baseline 0 -26"><span class='ocrx_word' id='word_1_247' title='bbox 605 4111 694 4184; x_wconf 88' lang='lat' dir='ltr'>dites</span> <span class='ocrx_word' id='word_1_248' title='bbox 717 4111 918 4208; x_wconf 85' lang='lat' dir='ltr'>equitesque</span> <span class='ocrx_word' id='word_1_249' title='bbox 942 4113 1062 4199; x_wconf 84' lang='lat' dir='ltr'>misit,</span> <span class='ocrx_word' id='word_1_250' title='bbox 1087 4141 1232 4208; x_wconf 91' lang='lat' dir='ltr'>quorum</span> <span class='ocrx_word' id='word_1_251' title='bbox 1268 4117 1445 4210; x_wconf 91' lang='lat' dir='ltr'>imperium</span> <span class='ocrx_word' id='word_1_252' title='bbox 1476 4117 1569 4188; x_wconf 91' lang='lat' dir='ltr'>dedit</span> <span class='ocrx_word' id='word_1_253' title='bbox 1605 4117 1725 4189; x_wconf 88' lang='lat' dir='ltr'>loanni</span> <span class='ocrx_word' id='word_1_254' title='bbox 1759 4114 1947 4200; x_wconf 87' lang='lat' dir='ltr'>Mediceo,</span> 
     </span>
     <span class='ocr_line' id='line_1_30' title="bbox 608 4232 1947 4332; baseline -0.001 -25"><span class='ocrx_word' id='word_1_255' title='bbox 608 4233 654 4307; x_wconf 78' lang='lat' dir='ltr'>a&#39;d</span> <span class='ocrx_word' id='word_1_256' title='bbox 677 4232 910 4308; x_wconf 87' lang='lat' dir='ltr'>debellandum</span> <span class='ocrx_word' id='word_1_257' title='bbox 935 4235 1145 4310; x_wconf 72' lang='lat' dir='ltr'>ludovicum</span> <span class='ocrx_word' id='word_1_258' title='bbox 1171 4241 1196 4309; x_wconf 82' lang='lat' dir='ltr'>F</span> <span class='ocrx_word' id='word_1_259' title='bbox 1198 4240 1398 4324; x_wconf 89' lang='lat' dir='ltr'>reducium,</span> <span class='ocrx_word' id='word_1_260' title='bbox 1421 4237 1482 4332; x_wconf 89' lang='lat' dir='ltr'>qui</span> <span class='ocrx_word' id='word_1_261' title='bbox 1514 4239 1747 4326; x_wconf 86' lang='lat' dir='ltr'>crudelissimo</span> <span class='ocrx_word' id='word_1_262' title='bbox 1771 4237 1947 4308; x_wconf 85' lang='lat' dir='ltr'>dominatu</span> 
     </span>
     <span class='ocr_line' id='line_1_31' title="bbox 603 4351 1948 4456; baseline 0.004 -34"><span class='ocrx_word' id='word_1_263' title='bbox 603 4351 754 4425; x_wconf 79' lang='lat' dir='ltr'>Firmum</span> <span class='ocrx_word' id='word_1_264' title='bbox 779 4355 921 4452; x_wconf 89' lang='lat' dir='ltr'>patriam</span> <span class='ocrx_word' id='word_1_265' title='bbox 946 4381 1042 4430; x_wconf 89' lang='lat' dir='ltr'>suam</span> <span class='ocrx_word' id='word_1_266' title='bbox 1066 4359 1224 4444; x_wconf 87' lang='lat' dir='ltr'>tenebat,</span> <span class='ocrx_word' id='word_1_267' title='bbox 1249 4386 1315 4456; x_wconf 87' lang='lat' dir='ltr'>qua</span> <span class='ocrx_word' id='word_1_268' title='bbox 1341 4362 1375 4432; x_wconf 91' lang='lat' dir='ltr'>in</span> <span class='ocrx_word' id='word_1_269' title='bbox 1401 4385 1437 4432; x_wconf 89' lang='lat' dir='ltr'>re</span> <span class='ocrx_word' id='word_1_270' title='bbox 1473 4379 1634 4432; x_wconf 88' lang='lat' dir='ltr'>strenuus</span> <span class='ocrx_word' id='word_1_271' title='bbox 1659 4357 1715 4430; x_wconf 88' lang='lat' dir='ltr'>illc</span> <span class='ocrx_word' id='word_1_272' title='bbox 1750 4359 1850 4443; x_wconf 87' lang='lat' dir='ltr'>dux,</span> <span class='ocrx_word' id='word_1_273' title='bbox 1886 4357 1948 4449; x_wconf 89' lang='lat' dir='ltr'>qui</span> 
     </span>
     <span class='ocr_line' id='line_1_32' title="bbox 604 4473 1950 4576; baseline -0.001 -32"><span class='ocrx_word' id='word_1_274' title='bbox 604 4495 779 4568; x_wconf 82' lang='lat' dir='ltr'>nunquam</span> <span class='ocrx_word' id='word_1_275' title='bbox 803 4473 909 4549; x_wconf 71' lang='lat' dir='ltr'>vietus</span> <span class='ocrx_word' id='word_1_276' title='bbox 936 4500 1018 4566; x_wconf 91' lang='lat' dir='ltr'>est,</span> <span class='ocrx_word' id='word_1_277' title='bbox 1046 4479 1189 4553; x_wconf 81' lang='lat' dir='ltr'>feliciter</span> <span class='ocrx_word' id='word_1_278' title='bbox 1214 4483 1298 4554; x_wconf 86' lang='lat' dir='ltr'>adeo</span> <span class='ocrx_word' id='word_1_279' title='bbox 1324 4504 1359 4551; x_wconf 91' lang='lat' dir='ltr'>se</span> <span class='ocrx_word' id='word_1_280' title='bbox 1384 4483 1516 4576; x_wconf 83' lang='lat' dir='ltr'>gessit,</span> <span class='ocrx_word' id='word_1_281' title='bbox 1548 4498 1586 4552; x_wconf 89' lang='lat' dir='ltr'>ut</span> <span class='ocrx_word' id='word_1_282' title='bbox 1622 4487 1796 4568; x_wconf 85' lang='lat' dir='ltr'>tyranno,</span> <span class='ocrx_word' id='word_1_283' title='bbox 1831 4477 1950 4547; x_wconf 90' lang='lat' dir='ltr'>omni-</span> 
     </span>
     <span class='ocr_line' id='line_1_33' title="bbox 600 4585 1943 4698; baseline 0.009 -36"><span class='ocrx_word' id='word_1_284' title='bbox 600 4587 730 4688; x_wconf 76' lang='lat' dir='ltr'>hosque</span> <span class='ocrx_word' id='word_1_285' title='bbox 756 4594 827 4669; x_wconf 83' lang='lat' dir='ltr'>fere</span> <span class='ocrx_word' id='word_1_286' title='bbox 852 4595 946 4687; x_wconf 84' lang='lat' dir='ltr'>illis,</span> <span class='ocrx_word' id='word_1_287' title='bbox 971 4598 1129 4691; x_wconf 85' lang='lat' dir='ltr'>quicum</span> <span class='ocrx_word' id='word_1_288' title='bbox 1154 4622 1195 4672; x_wconf 87' lang='lat' dir='ltr'>eo</span> <span class='ocrx_word' id='word_1_289' title='bbox 1221 4625 1446 4698; x_wconf 82' lang='lat' dir='ltr'>pugnavere,</span> <span class='ocrx_word' id='word_1_290' title='bbox 1472 4619 1616 4677; x_wconf 84' lang='lat' dir='ltr'>mortem</span> <span class='ocrx_word' id='word_1_291' title='bbox 1641 4585 1815 4676; x_wconf 84' lang='lat' dir='ltr'>attulerit.</span> <span class='ocrx_word' id='word_1_292' title='bbox 1839 4600 1943 4674; x_wconf 82' lang='lat' dir='ltr'>Sise-</span> 
     </span>
    </p>
   </div>
   <div class='ocr_carea' id='block_1_2' title="bbox 0 0 2190 5842">
    <p class='ocr_par' dir='ltr' id='par_1_2' title="bbox 0 0 2190 5842">
     <span class='ocr_line' id='line_1_34' title="bbox 0 0 2190 5842; baseline 0 8"><span class='ocrx_word' id='word_1_293' title='bbox 0 0 2190 5842; x_wconf 95' lang='lat' dir='ltr'> </span> 
     </span>
    </p>
   </div>
  </div>
 </body>
</html>
