4472 5828
769 637 812 700 ν
911 635 924 702 1
1023 636 1054 705 τ
1155 633 1183 700 a
1269 633 1289 694 .·
1598 627 1647 708 69

355 743 395 814 Si
418 745 477 837 qui
503 771 586 822 vero
611 775 709 825 erant
734 779 753 838 a
780 758 992 830 nostratibus
1016 752 1117 826 hac'
1109 774 1182 842 apsa
1206 739 1308 820 laude
1345 745 1494 820 illustres
1518 745 1697 826 homines,

356 885 421 936 ‘eos
448 869 587 942 mirifice
614 855 870 964 amplexabatur
904 880 993 962 Lea,
1030 883 1062 947 δι
1091 872 1197 966 quod
1210 870 1341 961 aliquot
1367 891 1474 939 annos
1499 864 1590 938 domi
1614 886 1708 934 suae·

362 983 497 1059 vixerat
536 993 650 1083 Scipio
677 999 961 1068 Carteromachus
993 996 1231 1078 Pistoriensis,
1250 991 1310 1082 qui
1335 993 1406 1061 sive
1432 987 1581 1060 carmina
1597 987 1702 1054 Grae·

333 1103 334 1114 ’
363 1128 426 1194 ce,
459 1111 533 1182 siue
556 1114 674 1184 Latine·
700 1114 879 1200 funderet,
902 1121 976 1188 sive
1002 1121 1175 1188 orationes
1201 1115 1385 1196 scriberet,
1417 1111 1490 1183 sive
1524 1103 1704 1176 abditissi-

362 1244 436 1299 mos
461 1231 557 1302 locos
583 1234 771 1326 disciplinis
803 1238 938 1310 ferein
964 1240 1119 1309 omnibus
1147 1237 1450 1322 interpretaretur,
1474 1253 1629 1320 magnam
1645 1227 1702 1296 ad·

362 1349 573 1422 mirationem
596 1352 650 1424 sui
673 1353 843 1444 faciebat,
868 1361 948 1430 huic
971 1359 1085 1428 locum
1111 1357 1202 1426 dedit
1229 1355 1264 1425 in
1289 1351 1369 1422 aula
1401 1349 1478 1422 Julii
1512 1345 1699 1438 patruelis,

363 1482 486 1560 quem,
509 1489 609 1544 tanto
634 1451 828 1548 studiorum
852 1481 949 1548 socio
967 1531 977 1562 ,
1004 1503 1075 1548 non
1093 1478 1377 1568 degeneraturum
1394 1469 1552 1560 sperabat
1568 1495 1588 1538 a
1602 1466 1705 1557 majo·

364 1609 440 1658 tum
464 1591 596 1664 virtute
623 1599 656 1667 a<
681 1595 812 1688 gloria.
838 1599 973 1668 Accidit
1002 1621 1086 1668 vero
1112 1617 1150 1668 ut
1186 1620 1316 1687 paucos
1354 1611 1433 1684 post
1471 1611 1629 1696 menses,
1664 1609 1707 1654 ex

365 1731 433 1797 quo
456 1711 494 1779 in
511 1713 663 1785 intimam
680 1717 861 1786 amicitiam
875 1736 1017 1791 venerat
1033 1716 1301 1799 fortunatissimi
1324 1711 1571 1795 adolescentis,
1597 1735 1617 1780 a
1639 1728 1708 1800 quo

358 1829 454 1900 nihil
480 1853 550 1902 non
575 1834 637 1904 sibi
652 1833 821 1924 ‘pdllic'eri
846 1855 1006 1923 poterat,
1026 1839 1205 1927 repentina
1230 1854 1408 1926 correptus
1436 1833 1524 1903 febri
1546 1832 1582 1902 iu
1597 1829 1709 1919 patria

365 1971 575 2022 moreretur.
604 1955 765 2024 Retinere
790 1961 1077 2048 quoqueRomae
1103 1957 1275 2033 voluisset
1300 1960 1369 2026 Leo
1395 1955 1576 2027 Urbanum·
1606 1946 1712 2018 Vale·

365 2071 498 2140 rianum
521 2071 1047 2162 bellunensem,Minoritarum
1083 2079 1320 2162 Sacerdotem,
1349 2075 1410 2166 qui
1436 2074 1520 2154 diu,
1562 2067 1711 2140 Venetiis

365 2191 586 2277 praesertim,
623 2195 773 2265 Graecas
798 2195 931 2266 litteras
952 2197 1140 2277 docuerat,
1167 2217 1336 2287 quemque
1360 2195 1432 2282 ipse
1457 2206 1711 2280 praeceptorem

364 2303 553 2378 habuerat.
581 2312 730 2382 Venerat
754 2311 846 2382 enim
873 2314 1017 2386 adeum
1044 2317 1161 2388 statim
1186 2340 1226 2386 ac
1253 2339 1384 2384 summo
1427 2329 1566 2382 auctum
1598 2327 1711 2374 sacer·

365 2425 461 2496 dorio
488 2429 642 2518 audivit,
668 2433 739 2502 tion
766 2450 804 2503 ut
832 2431 958 2524 aliquid
983 2436 1156 2506 obtineret
1181 2433 1380 2526 (singulari
1403 2431 1495 2504 enirn
1522 2446 1595 2500 erat
1633 2445 1715 2496 nto·

367 2543 515 2634 destia)
546 2550 606 2619 sed
631 2567 671 2619 ut
689 2549 809 2647 eidem
834 2553 881 2623 de
902 2553 1033 2625 honore
1069 2555 1325 2646 gratularetur.
1361 2558 1441 2648 Qua
1467 2577 1529 2636 re,
1566 2553 1601 2620 dt
1639 2543 1715 2614 viti

366 2661 448 2752 illa,
483 2669 673 2759 quam‘sibi
699 2669 899 2764 delegerat,
925 2693 1056 2748 remota
1079 2699 1099 2747 a
1124 2677 1267 2764 strepitu
1294 2679 1328 2745 a
1354 2673 1540 2747 ambitione
1568 2683 1712 2739 conten·

364 2797 453 2871 tus,
476 2785 592 2858 oblata
617 2794 767 2881 praemia
800 2797 993 2884 recusavit,
1024 2799 1066 2868 ad
1091 2816 1241 2888 suosque
1276 2794 1467 2866 remeavit.
1504 2793 1620 2880 Neque
1645 2789 1712 2856 hoe

365 2901 446 2975 loco
471 2913 758 2996 praetereundum
782 2915 930 2990 arbitror
957 2918 1080 2992 studiis
1104 2938 1241 3011 quoque
1267 2918 1342 2988 suis
1365 2903 1517 2988 effecisse
1544 2910 1714 3008 aeonem,

364 3041 405 3093 ut
428 3027 622 3099 Praeiedius
653 3035 910 3108 carmelitarum
934 3037 1115 3131 eligeretur
1142 3041 1191 3108 Jo.
1222 3037 1375 3128 Baptista
1398 3039 1631 3113 Mantuanus,
1650 3026 1714 3118 qui

366 3161 438 3213 uon
465 3143 532 3216 fuit
559 3169 662 3235 poeta
686 3175 776 3224 unus
802 3177 821 3226 e
857 3157 1000 3237 multis,
1027 3159 1141 3243 potius
1177 3155 1266 3226 inter
1298 3155 1425 3230 multos
1452 3151 1658 3244 singularis,
1678 3163 1717 3218 ut

365 3261 509 3337 alterius
533 3257 687 3340 Maronis
712 3275 849 3344 nomine
874 3273 1100 3366 appellaretur
1116 3324 1124 3342 .
1140 3277 1226 3346 Nam
1240 3279 1340 3372 hujus
1366 3273 1561 3360 facultatis,
1582 3269 1643 3364 qui
1663 3287 1717 3337 es·

366 3399 446 3455 sent
474 3403 669 3480 compotes,
693 3392 815 3463 mirum
832 3393 868 3462 in
883 3395 1020 3466 modum
1035 3389 1174 3468 fovebat
1193 3418 1296 3491 atque
1321 3397 1603 3489 ampledlebatur.
1628 3393 1718 3454 Con·

363 3503 549 3582 sulendunt
574 3533 714 3603 quoque
740 3513 878 3604 putavit
904 3514 1172 3603 Hebraicarum,
1198 3520 1412 3607 Syriacarum
1438 3525 1473 3590 dt
1496 3508 1718 3582 Arabicarum

367 3618 565 3700 litterarum
596 3619 789 3718 studiosis,
817 3659 904 3726 quae
935 3653 1008 3708 tum
1033 3637 1069 3707 in
1101 3654 1274 3729 potestate
1300 3659 1381 3716 esse,
1411 3633 1614 3706 videbantur
1648 3629 1717 3706 hoe

365 3745 496 3818 aunum
522 3749 721 3823 Catholicae
746 3753 919 3827 Ecclesiae
951 3755 1286 3845 infensissimorum,
1311 3773 1351 3828 ut
1376 3754 1467 3826 unde
1493 3753 1531 3824 hi
1556 3753 1721 3836 errores}

375 3866 490 3935 nostri
514 3869 727 3944 saneiissima
753 3873 912 3966 dogmata
936 3878 1193 3966 depromerent.
1220 3877 1327 3968 Cujus
1353 3873 1460 3948 studii
1484 3871 1720 3945 seuerissime

375 3982 605 4071 amplissimus
637 3989 705 4062 fuit
729 3996 832 4070 editio
857 3995 1189 4090 PsalteriiHebraeif,
1205 3995 1330 4070 Graeci
1345 4045 1356 4078 ,
1371 3995 1530 4083 Arabici,
1555 3987 1720 4066 chaldaei

377 4119 457 4174 curn
479 4105 587 4180 tribus
612 4111 745 4184 Latinis
764 4117 1128 4210 interpretationibus,
1149 4123 1185 4194 ὅι
1212 4117 1485 4202 commentariis,
1511 4125 1596 4184 orue
1622 4119 1720 4182 Pffl·

375 4216 433 4291 tra
457 4244 510 4296 est
535 4249 596 4317 per
620 4234 852 4325 Augustinum
876 4243 1104 4314 lustinianum
1134 4242 1399 4310 Genuensern
1437 4213 1718 4293 ''sledlcafflfllffl

374 4340 779 4445 gamjljgggppscopum
794 4359 1008 4452 Nebiensem’
1058 4363 1093 4434 ui
1118 4363 1196 4424 du*
1168 4327 1506 4416 opusPontifici
1495 4337 1562 4425 rpsi
1578 4360 1719 4412 nuncu·

377 4471 501 4543 para,
525 4467 576 4522 sa
598 4491 636 4524 0
618 4473 758 4545 tae·
764 4489 882 4542 ..up-n
906 4457 1051 4530 terena
1032 4471 1130 4530 aare
1162 4469 1307 4558 cetera,
1298 4476 1421 4560 quae
1451 4456 1495 4536 ad
1530 4475 1714 4554 utrumque
