4386 5838
656 642 725 710 140
1037 617 1066 693 L
1113 624 1141 695 E
1190 621 1223 691 Ο
1269 621 1301 692 N
1347 625 1363 692 t
1411 623 1433 691 S
1505 619 1561 690 X.-

596 763 747 832 eponte,
782 738 1131 834 &cohortationibus
1157 741 1327 812 Pontificis
1364 741 1471 829 ipsius·
1499 740 1590 810 ¹totis
1625 738 1694 808 suis
1729 737 1856 810 viribus
1892 737 1928 810 in

601 865 869 952 expeditionem,
895 886 973 933 cum
997 862 1108 932 omnis
1133 860 1209 932 belli
1233 865 1369 949 gerendi
1394 861 1561 932 rationem
1586 865 1655 950 ipse
1679 860 1930 948 proposuisset,

602 1005 639 1052 se
665 985 787 1054 iturum
813 982 985 1074 pollicitus
1010 982 1147 1062 suerat,
1177 981 1393 1052 franciscum
1417 979 1590 1050 Gallorum
1618 981 1765 1069 Regem,
1792 980 1851 1071 qui
1877 979 1935 1050 de·

533 1143 540 1156 ·
604 1102 819 1189 claraverat,
855 1127 891 1174 se
925 1102 1009 1173 nihil
1047 1127 1195 1193 unquam
1233 1103 1402 1172 ardentius
1439 1100 1676 1188 concupivisse
1714 1097 1745 1168 ei
1779 1122 1932 1187 cupere,

603 1246 706 1316 quarn
732 1239 770 1290 ut
786 1223 821 1291 in
836 1222 1051 1294 saevissimos
1074 1223 1192 1292 hostes
1210 1222 1394 1291 exercitum
1412 1221 1576 1304 ducendi,
1603 1223 1635 1290 δι
1661 1241 1736 1288 cum
1760 1219 1801 1289 iis
1820 1219 1935 1288 decer·

602 1342 700 1436 tandi
725 1339 790 1410 sibi
815 1321 949 1410 occasio
973 1341 1145 1420 daretur,
1168 1340 1326 1412 Carolum
1355 1342 1590 1431 Hispaniarum
1617 1342 1766 1428 Regem,
1802 1339 1860 1428 qui
1896 1360 1933 1408 se

601 1464 712 1552 ipsum
735 1483 917 1550 omnesque
936 1481 1018 1548 opes
1045 1482 1123 1530 suas
1149 1460 1183 1530 in
1208 1463 1356 1530 sanilam
1376 1462 1623 1550 expedicionem
1660 1458 1829 1547 pollicitus
1851 1456 1936 1525 fue-

603 1600 680 1676 rat,
702 1577 841 1651 classem
867 1581 933 1671 jam
958 1582 1023 1670 jam
1048 1601 1249 1669 paraverat,
1275 1585 1307 1650 br
1334 1580 1475 1650 consilia
1502 1581 1543 1667 de
1567 1577 1681 1660 bello,
1716 1579 1757 1646 de
1792 1577 1934 1645 militum

603 1724 756 1791 genere,
780 1702 887 1791 deque
909 1700 1082 1774 itineribus
1108 1689 1262 1776 dederat,
1287 1723 1327 1770 ac
1353 1681 1485 1768 demum
1511 1697 1695 1767 Henricum
1716 1697 1934 1781 Britanniae,

604 1817 811 1920 Ludoyicurn
851 1820 1065 1894 Pannoniae,
1105 1820 1352 1910 Sigismuudum
1386 1817 1544 1885 Poloniae
1574 1861 1586 1895 ‚
1621 1819 1652 1880 bt
1692 1815 1936 1886 Christiernum

509 1947 514 1956 “
604 1937 733 2008 Daciae
758 1940 890 2030 Reges,
915 1939 975 2029 qui
1000 1960 1035 2007 se
1062 1957 1159 2007 tanto
1185 1939 1322 2029 negotio
1348 1939 1483 2009 minime
1509 1937 1687 2032 defuturos
1703 1933 1765 2026 ipsi
1784 1931 1936 2004 Pontifici

602 2037 900 2148 significaverant.
926 2058 1004 2126 Fuit
1030 2081 1110 2128 sane
1135 2065 1349 2148 magnum&
1390 2057 1618 2128 difficillimum
1658 2073 1710 2126 tot
1750 2055 1936 2142 Principum

604 2176 656 2248 ita
683 2177 861 2248 conciliare
886 2175 1103 2256 voluntates,
1128 2198 1166 2249 ut
1193 2203 1297 2250 unum
1332 2178 1485 2267 idemque
1522 2173 1670 2264 spessare
1705 2176 1900 2246 viderentur
1919 2201 1934 2261 ·,

604 2297 666 2368 sed
692 2316 743 2366 tot
767 2298 956 2388 promissa,
978 2299 1132 2388 tantique
1155 2317 1335 2388 apparatus
1355 2297 1468 2369 nullos
1492 2299 1602 2368 exitus
1618 2297 1808 2366 habuerunt
1820 2343 1831 2376 ‚
1846 2295 1939 2388 quod

605 2435 723 2490 metu.
747 2420 808 2509 qui
833 2417 968 2490 oblatus
1000 2417 1131 2504 fuerat,
1171 2417 1371 2509 Respublica
1410 2417 1604 2488 Christiana
1631 2441 1751 2507 magna
1775 2439 1817 2486 ex
1843 2435 1940 2507 parte

603 2535 748 2606 liberata
773 2537 864 2607 fuit.
891 2540 1009 2618 Adde,
1036 2540 1128 2632 quod
1153 2537 1265 2612 nullus
1289 2562 1407 2610 eorum
1431 2557 1524 2621 erat,
1549 2537 1609 2630 qui
1623 2559 1692 2606 non
1703 2529 1831 2604 'mallet
1856 2557 1939 2605 suae

603 2657 802 2746 potentiae,
828 2659 964 2751 suisque
991 2660 1234 2750 cupiditatibus
1260 2659 1414 2738 servire,
1447 2681 1548 2748 quam
1574 2658 1761 2728 Turca‘rum
1791 2655 1937 2755 inflatos

603 2779 741 2866 spiritus
769 2779 958 2865 cohibere;
982 2799 1113 2870 praeter
1139 2804 1240 2872 quam
1266 2781 1358 2872 quod
1384 2803 1558 2870 nunquam
1582 2775 1697 2846 sancia
1721 2761 1946 2866 &religiosa

602 2896 746 2967 fuerunt
772 2899 1003 2990 potentiorum
1028 2899 1191 2972 foedera.
1216 2899 1382 2971 Viderunt
1407 2917 1521 2969 tamen
1540 2920 1656 2968 omnes
1687 2919 1756 2989 quo
1782 2895 1937 2968 fluerent

602 3017 779 3090 Pontificis
814 3017 974 3105 consilia,
998 3019 1157 3110 quicum
1181 3019 1322 3090 tutelam
1346 3038 1477 3113 gereret
1502 3017 1690 3088 Christiani
1715 3017 1830 3100 orbis,
1856 3041 1939 3089 cou-

604 3136 707 3222 silio,
732 3139 958 3228 audioritate,
983 3141 1179 3234 diligentia,
1203 3143 1340 3211 monitis
1380 3141 1452 3232 ejus
1492 3137 1717 3210 incolumitati
1759 3136 1937 3210 consulere

607 3260 805 3349 satagebat.
831 3264 966 3335 Praeter
993 3264 1067 3334 illas
1106 3262 1272 3334 solemnes
1312 3259 1576 3349 supplicationes
1611 3281 1737 3330 morem
1774 3259 1937 3346 induxit,

607 3376 663 3448 vel
688 3378 802 3466 potius
829 3381 1006 3454 revocavit
1031 3379 1203 3452 salutandi
1225 3383 1260 3449 Β.
1285 3381 1324 3448 V.
1344 3382 1390 3448 M.
1423 3381 1559 3468 inipso
1594 3379 1755 3459 meridie,
1791 3376 1942 3471 aliasque

609 3518 728 3585 preces
755 3497 796 3596 3Ιά
819 3499 929 3568 Deum
953 3497 1173 3588 placandum,
1197 3505 1230 3572 dr
1249 3499 1409 3588 pietatem
1435 3499 1470 3568 in
1496 3523 1572 3569 eum
1595 3504 1627 3569 δι
1656 3497 1818 3568 caelestes
1840 3497 1936 3567 alen·

606 3615 684 3684 darn
709 3617 923 3706 praescripsit
954 3618 1059 3708 (⁶4)·
1086 3621 1135 3687 Ne
1160 3620 1227 3688 hoc
1254 3619 1388 3708 quidem
1413 3618 1749 3708 praetermittendum
1772 3641 1845 3689 esse
1868 3619 1939 3689 du·

606 3733 678 3814 xit,
703 3755 878 3804 sacrorum
904 3735 1073 3806 antistites
1099 3756 1137 3806 ut
1159 3738 1377 3821 hortaretur,
1403 3757 1441 3809 ut
1473 3737 1769 3826 circumspicerent
1794 3737 1935 3825 omnia,

605 3853 726 3952 sicque
751 3855 973 3945 fungerentur
1003 3878 1139 3926 munere
1163 3881 1254 3940 suo,
1282 3877 1320 3928 ut
1345 3882 1415 3930 non
1440 3859 1550 3930 solum
1573 3874 1684 3930 ramos
1727 3873 1939 3948 amputarent

609 3971 771 4044 vitiorum
787 4021 797 4052 ,
823 3973 1052 4068 malarumque
1075 3977 1385 4060 consuetudinum,
1402 3978 1576 4050 sedetiam
1591 3979 1716 4048 radices
1732 3977 1937 4048 evellerent.

607 4095 799 4184 Antequam
824 4093 908 4163 haec
934 4095 1150 4176 acciderent,
1175 4094 1312 4168 fuerunt
1337 4097 1463 4182 multi,
1487 4098 1547 4189 qui
1574 4097 1729 4189 portendi
1753 4095 1834 4166 Urbi
1866 4119 1941 4166 ma·

606 4233 689 4301 guas
714 4209 920 4282 calamitates
947 4217 1148 4284 affirmarent
1172 4215 1216 4284 ob
1241 4234 1378 4290 ostenta
1403 4219 1568 4310 quaedam
1587 4269 1597 4302 ,
1618 4219 1772 4288 assiduos
1789 4217 1937 4300 imbres,
2005 4305 2009 4312 Ι

606 4326 790 4434 fluminum
816 4329 1080 4422 inundationes,
1115 4331 1282 4419 fulmina,
1309 4362 1395 4426 quae
1431 4340 1566 4409 minine
1601 4340 1705 4408 sacris
1738 4334 1938 4426 imaginibus

605 4465 846 4548 pepercerant,
872 4451 906 4520 tc
930 4446 995 4522 alia
1019 4448 1233 4543 hujusmodi,
1257 4455 1298 4526 de
1325 4457 1548 4548 quibuscum
1574 4457 1752 4532 dissereret
1777 4450 1937 4528 Pontifex
1969 4520 1974 4528 .
