4386 5838
655 673 811 767 84.
962 669 1676 753 'Lssottts-xs

611 805 757 872 animum
788 824 886 874 suurn
919 799 1062 894 velligal
1088 802 1169 875 salis
1204 803 1405 890 imminuit,
1447 801 1720 894 ampltficataque.
1750 796 1957 896 t'riuttttitali

608 925 898 998 Conservatorum
918 924 1018 994 Urbis
1043 943 1242 1016 potestate,
1277 926 1439 1020 praemiis.
1458 931 1492 999 dt
1516 922 1786 1016 immunitatibus
1820 918 1958 1014 publice

608 1043 809 1136 privateque
834 1047 1012 1116 Romanos
1033 1064 1088 1119 est
1112 1069 1338 1139 prosecutus.
1367 1050 1460 1122 ilaec
1484 1045 1679 1140 beneficiat,
1705 1067 1796 1140 quae
1827 1042 1958 1135 gratis-

610 1165 695 1235 sima
719 1166 873 1242 omniunt
897 1167 1026 1240 ciuium
1055 1170 1223 1242 memoria
1246 1187 1344 1242 erant
1368 1168 1522 1254 inclusa,
1549 1165 1755 1240 audieritate
1771 1163 1874 1236 etiam
1893 1186 1960 1254 pu·

610 1285 702 1358 blica
727 1305 852 1360 testata
876 1307 981 1362 sunt.
1001 1293 1194 1378 Marmorea
1215 1293 1306 1364 enim
1330 1309 1445 1366 statua
1471 1317 1492 1366 a
1514 1291 1642 1372 Iacobo
1664 1286 1720 1360 del
1734 1288 1838 1359 Duco
1859 1285 1962 1356 Sicu·

611 1411 647 1484 lo
672 1414 807 1504 sculpta
832 1417 866 1486 in
890 1407 1073 1507 Capitolio
1092 1419 1205 1507 posita
1241 1439 1294 1491 est
1319 1443 1401 1492 cum.
1433 1421 1505 1490 hac
1527 1415 1782 1505 inscriptione:
1803 1413 1961 1482 OPTlMi

611 1538 1021 1630 LlBERALlSSlMlQUE
1041 1541 1287 1612 PONTlFlClS
1305 1543 1545 1614 MEMORlAE
1567 1542 1599 1608 S.
1625 1541 1659 1606 P.
1685 1539 1733 1629 Q.
1767 1539 1811 1606 tt.
1846 1533 1963 1627 Atque

610 1657 666 1732 iric
693 1658 779 1730 idern
806 1659 956 1748 Populus
983 1685 1062 1732 cum
1084 1686 1156 1734 non
1182 1661 1295 1735 multo
1318 1681 1399 1753 post
1423 1686 1442 1730 a
1466 1660 1629 1732 Pontifice
1654 1656 1806 1729 Julianus
1843 1652 1963 1726 Eccle-

591 1824 594 1830 ‚
612 1779 685 1852 siae
706 1777 882 1852 vexillifer
907 1779 1170 1874 (capitaneum
1199 1783 1303 1855 etiam
1324 1784 1530 1874 uocabant)
1559 1780 1781 1854 renunciatus
1812 1773 1965 1851 fuisset,

610 1913 664 1966 tot
690 1896 849 1988 publicae
866 1899 1026 1976 laetitiae
1046 1881 1155 1974 edidit
1184 1904 1306 1998 signa,
1331 1903 1475 1998 perinde
1499 1902 1594 1974 acsi
1617 1902 1682 1973 sibi
1705 1900 1819 1969 honos
1830 1893 1888 1966 ille
1900 1892 1964 1964 do·

610 2019 861 2102 natussuissct
877 2074 891 2094 ..
989 2063 992 2070 ·

631 2171 634 2180 ·
712 2139 790 2212 Non
811 2145 946 2218 minora
967 2143 1609 2236 benevolentiaetestituoniapraebuit
1619 2143 1686 2214 Leo
1704 2138 1856 2214 Ursiniis
1869 2136 1965 2208 suis..

610 2257 757 2333 Curatit
779 2263 869 2336 enim
883 2317 898 2350 „
918 2282 957 2336 ut
974 2288 1270 2357 componerentur
1286 2268 1555 2353 coutroversiae,
1573 2287 1662 2358 quae
1678 2281 1776 2336 eraut
1794 2263 1881 2332 inter
1897 2279 1962 2327 coe

610 2380 646 2450 ἃ
668 2373 847 2462 Camari-ad
861 2386 1081 2473 Dominum,
1106 2386 1300 2480 initamque
1317 2391 1537 2464 concordiam
1557 2386 1776 2462 matrimonio
1786 2376 1962 2460 firmavite

611 2501 763 2574 Jordano
784 2503 929 2580 castella
945 2509 1016 2580 duo
1039 2509 1122 2582 Sedi'
1145 2508 1370 2600 Apostolicae
1385 2511 1526 2602 pignori
1547 2511 1631 2581 data
1645 2507 1823 2584 restituit,
1847 2507 1882 2574 δι
1897 2523 1962 2569 au·

610 2645 752 2714 reorum
772 2643 915 2700 numum
937 2631 1197 2720 quatuordecim
1223 2655 1337 2725 usque.
1368 2631 1479 2704 millia
1516 2631 1752 2715 condonavit,
1791 2621 1961 2712 nulloque

609 2763 681 2816 uon
704 2744 874 2822 beneficio.
894 2755 931 2826 dt
952 2752 1089 2824 honore.
1109 2750 1208 2824 illum
1230 2776 1420 2847 omnesque:
1441 2778 1523 2826 suos
1548 2779 1590 2826 se
1610 2769 1876 2844 prosecuturum
1898 2744 1963 2814 de-

504 2941 506 2946 ,
610 2863 781 2941 claravit..
802 2872 944 2944 Prorsus
969 2870 1097 2944 multos
1121 2875 1339 2968 obstringere¹
1356 2876 1426 2948 sibi
1446 2877 1584 2952 volebat
1599 2929 1615 2964 ,
1638 2895 1835 2966 magnoque
1853 2871 1962 2939 bene·

522 3008 525 3014 ·
608 2982 694 3060 licio
719 2991 837 3064 affecit
857 2995 1011 3067 teneros
1032 3020 1112 3071 curu
1135 3020 1161 3067 a.
1180 2995 1362 3072 Gallorum
1384 3000 1480 3087 Rege
1504 2997 1734 3078 obtinuisset,
1764 3010 1802 3060 ut
1841 3015 1863 3061 e
1892 3012 1962 3058 cn-

607 3110 726 3183 stodit'r
747 3112 965 3184 emitteretur
983 3113 1266 3188 Bartholomaeus
1300 3115 1492 3201 Aluiaaus,
1510 3137 1697 3204 eorumque
1736 3113 1860 3180 iterum
1897 3107 1960 3177 sti·

607 3229 737 3318 pendia
758 3254 931 3304 mereret.
963 3235 1043 3330 Ejus
1066 3235 1161 3306 enim
1182 3235 1309 3307 virtuti
1343 3235 1384 3306 in
1415 3234 1534 3326 primis
1555 3233 1792 3315 confidebant,
1818 3229 1959 3319 indige·

609 3348 766 3444 luantque
787 3355 942 3438 strenuis
962 3355 1138 3439 ducibus,
1164 3381 1246 3430 cum
1268 3357 1313 3430 ad
1330 3355 1599 3446 recuperandam
1615 3359 1785 3425 Veronam
1802 3350 1962 3443 aliasque
2049 3411 2053 3417 .

608 3470 712 3542 urbes
737 3473 779 3546 ab
804 3473 967 3567 Hispanis
993 3495 1115 3570 captas·
1137 3495 1220 3552 toto
1241 3479 1357 3550 animo
1373 3475 1616 3550 intenderent.
1637 3480 1765 3548 Extant
1780 3471 1967 3546 PetriDo·

607 3588 692 3664 vitii
712 3590 854 3668 litterae
870 3598 1214 3674 PontificiiOratoris
1235 3600 1322 3689 apud
1347 3601 1501 3672 Venetos
1526 3600 1641 3689 ipsos,
1663 3599 1793 3694 quibus
1811 3597 1963 3666 iconem

608 3707 737 3801 docet,
759 3736 931 3807 quanttun
952 3719 982 3795 ii
996 3709 1158 3813 'ejusdem
1186 3719 1343 3797 bonitati
1367 3721 1828 3817 studiisque-conficiendae
1865 3717 1966 3812 pacis

608 3833 841 3928 confiderent,
866 3851 941 3935 quo
963 3843 1003 3914 in
1025 3846 1205 3937 proposito
1227 3863 1271 3917 ut,
1291 3845 1407 3936 ipsum.
1438 3845 1709 3928 conlimnatent,
1735 3861 1847 3938 utque
1876 3841 1967 3910 obe·
2011 3899 2014 3906 .

612 3953 780 4030 clientium
801 3969 937 4032 'summo
959 3963 1139 4038 Ecclesiae
1158 3963 1298 4040 Redlori
1317 3987 1556 4060 praestarent,
1573 3969 1697 4040 decem
1728 3987 1845 4056 usque
1863 3958 1968 4030 aohi-

503 4087 505 4091 ·
608 4063 761 4144 lissimoe,
786 4082 945 4157 civitatis
965 4087 1112 4159 Romam
1137 4088 1274 4181 legatos.
1300 4093 1469 4164 utiscrunt.
1489 4086 1601 4182 (37),
1622 4113 1695 4182 qua
1716 4083 1969 4178 legationeni·

610 4189 665 4263 tit
687 4214 774 4271 sane
796 4198 869 4272 fuit.
890 4205 1122 4296 splendidius.
1142 4211 1333 4285 eonrmmt
1352 4218 1386 4304 dt
1407 4211 1595 4304 aequitati,
1615 4233 1697 4282 cttm
1710 4209 1868 4302 jussisset.
1881 4202 1971 4274 rcri-

609 4314 646 4387 di
668 4317 904 4424 Lucensihus,
925 4351 1019 4417 quae
1042 4353 1107 4422 per
1136 4333 1213 4406 uim
1234 4327 1448 4412 Floretttiair
1473 4335 1683 4406 excursione
1703 4329 1795 4403 mua
1825 4329 1865 4397 itt
1884 4323 1967 4394 illo-

609 4457 686 4505 tum
711 4461 854 4530 agrum,
885 4444 1009 4519 iisdem
1033 4450 1272 4522 abstulerant.
1303 4457 1400 4526 llaec
1421 4453 1562 4545 quidem
1583 4467 1680 4524 eraut
1706 4447 1859 4541 gloriosa
1870 4446 1968 4516 uon·

618 4554 720 4636 tiitit
745 4581 821 4632 nou
841 4566 921 4655 part
937 4569 1039 4642 modo
1065 4571 1404 4662 quae'praeactipsit
1435 4571 1480 4662 de
1510 4569 1789 4644 sacerdotiumne
1819 4571 1964 4661 &frao-

1339 4675 1348 4704 r
