<?xml version="1.0" encoding="UTF-8"?>
<!DOCTYPE html PUBLIC "-//W3C//DTD XHTML 1.0 Transitional//EN"
    "http://www.w3.org/TR/xhtml1/DTD/xhtml1-transitional.dtd">
<html xmlns="http://www.w3.org/1999/xhtml" xml:lang="en" lang="en">
 <head>
  <title>
</title>
<meta http-equiv="Content-Type" content="text/html;charset=utf-8" />
  <meta name='ocr-system' content='tesseract 3.04.00' />
  <meta name='ocr-capabilities' content='ocr_page ocr_carea ocr_par ocr_line ocrx_word'/>
</head>
<body>
  <div class='ocr_page' id='page_1' title='image "./leonisxpontific00fabrgoog_0068.png"; bbox 0 0 4472 5828; ppageno 0'>
   <div class='ocr_carea' id='block_1_1' title="bbox 551 657 1955 1112">
    <p class='ocr_par' dir='ltr' id='par_1_1' title="bbox 551 657 1955 1112">
     <span class='ocr_line' id='line_1_1' title="bbox 605 657 1501 733; baseline -0.004 -2"><span class='ocrx_word' id='word_1_1' title='bbox 605 659 651 732; x_wconf 85' lang='lat'>60</span> <span class='ocrx_word' id='word_1_2' title='bbox 992 657 1018 722; x_wconf 92' lang='lat' dir='ltr'>L</span> <span class='ocrx_word' id='word_1_3' title='bbox 1066 661 1093 730; x_wconf 80' lang='lat' dir='ltr'>E</span> <span class='ocrx_word' id='word_1_4' title='bbox 1142 661 1174 729; x_wconf 94' lang='lat'>0</span> <span class='ocrx_word' id='word_1_5' title='bbox 1220 661 1252 731; x_wconf 74' lang='lat' dir='ltr'>N</span> <span class='ocrx_word' id='word_1_6' title='bbox 1299 667 1312 732; x_wconf 93' lang='lat'>1</span> <span class='ocrx_word' id='word_1_7' title='bbox 1367 665 1389 733; x_wconf 87' lang='lat' dir='ltr'>S</span> <span class='ocrx_word' id='word_1_8' title='bbox 1461 660 1501 728; x_wconf 84' lang='lat' dir='ltr'>X.</span> 
     </span>
     <span class='ocr_line' id='line_1_2' title="bbox 650 777 1882 872; baseline 0.002 -28"><span class='ocrx_word' id='word_1_9' title='bbox 650 779 711 848; x_wconf 72' lang='lat' dir='ltr'>&#39;del</span> <span class='ocrx_word' id='word_1_10' title='bbox 738 797 917 870; x_wconf 83' lang='lat' dir='ltr'>antequam</span> <span class='ocrx_word' id='word_1_11' title='bbox 943 777 1120 853; x_wconf 76' lang='lat' dir='ltr'>conclavia</span> <span class='ocrx_word' id='word_1_12' title='bbox 1139 782 1369 872; x_wconf 86' lang='lat' dir='ltr'>ingrederetur</span> <span class='ocrx_word' id='word_1_13' title='bbox 1386 787 1529 852; x_wconf 85' lang='lat' dir='ltr'>loannes</span> <span class='ocrx_word' id='word_1_14' title='bbox 1551 780 1744 871; x_wconf 84' lang='lat' dir='ltr'>(ingressus</span> <span class='ocrx_word' id='word_1_15' title='bbox 1770 793 1882 848; x_wconf 86' lang='lat' dir='ltr'>autem</span> 
     </span>
     <span class='ocr_line' id='line_1_3' title="bbox 551 898 1885 987; baseline -0.004 -19"><span class='ocrx_word' id='word_1_16' title='bbox 551 918 603 968; x_wconf 85' lang='lat' dir='ltr'>est</span> <span class='ocrx_word' id='word_1_17' title='bbox 629 918 717 987; x_wconf 90' lang='lat' dir='ltr'>post.</span> <span class='ocrx_word' id='word_1_18' title='bbox 742 899 815 970; x_wconf 88' lang='lat' dir='ltr'>Kal.</span> <span class='ocrx_word' id='word_1_19' title='bbox 841 899 954 970; x_wconf 87' lang='lat' dir='ltr'>Martii</span> <span class='ocrx_word' id='word_1_20' title='bbox 979 925 1047 972; x_wconf 89' lang='lat' dir='ltr'>una</span> <span class='ocrx_word' id='word_1_21' title='bbox 1072 927 1148 972; x_wconf 89' lang='lat' dir='ltr'>cum</span> <span class='ocrx_word' id='word_1_22' title='bbox 1172 905 1342 974; x_wconf 90' lang='lat' dir='ltr'>Bernardo</span> <span class='ocrx_word' id='word_1_23' title='bbox 1369 901 1722 986; x_wconf 83' lang='lat' dir='ltr'>Dovitio,Francisco</span> <span class='ocrx_word' id='word_1_24' title='bbox 1749 898 1885 966; x_wconf 87' lang='lat' dir='ltr'>Miner-</span> 
     </span>
     <span class='ocr_line' id='line_1_4' title="bbox 552 1003 1955 1112; baseline -0.007 -23"><span class='ocrx_word' id='word_1_25' title='bbox 552 1021 644 1100; x_wconf 84' lang='lat' dir='ltr'>binio</span> <span class='ocrx_word' id='word_1_26' title='bbox 669 1027 702 1090; x_wconf 77' lang='lat' dir='ltr'>dt</span> <span class='ocrx_word' id='word_1_27' title='bbox 726 1021 861 1092; x_wconf 87' lang='lat' dir='ltr'>Alderio</span> <span class='ocrx_word' id='word_1_28' title='bbox 886 1021 1025 1093; x_wconf 89' lang='lat' dir='ltr'>Biliotto</span> <span class='ocrx_word' id='word_1_29' title='bbox 1051 1025 1194 1112; x_wconf 85' lang='lat' dir='ltr'>primunt</span> <span class='ocrx_word' id='word_1_30' title='bbox 1222 1024 1307 1094; x_wconf 91' lang='lat' dir='ltr'>inter</span> <span class='ocrx_word' id='word_1_31' title='bbox 1334 1022 1508 1092; x_wconf 83' lang='lat' dir='ltr'>Diaconos</span> <span class='ocrx_word' id='word_1_32' title='bbox 1539 1003 1733 1090; x_wconf 77' lang='lat' dir='ltr'>cardinales</span> <span class='ocrx_word' id='word_1_33' title='bbox 1772 1014 1915 1089; x_wconf 76' lang='lat' dir='ltr'>locum¹</span> <span class='ocrx_word' id='word_1_34' title='bbox 1952 1071 1955 1078; x_wconf 87' lang='lat'>.</span> 
     </span>
    </p>
   </div>
   <div class='ocr_carea' id='block_1_2' title="bbox 397 1135 1888 1236">
    <p class='ocr_par' dir='ltr' id='par_1_2' title="bbox 397 1135 1888 1236">
     <span class='ocr_line' id='line_1_5' title="bbox 397 1135 1888 1236; baseline -0.007 -24"><span class='ocrx_word' id='word_1_35' title='bbox 397 1204 409 1229; x_wconf 83' lang='lat'>‚</span> <span class='ocrx_word' id='word_1_36' title='bbox 459 1199 460 1205; x_wconf 12' lang='grc' dir='ltr'><strong>κ</strong></span> <span class='ocrx_word' id='word_1_37' title='bbox 556 1144 705 1230; x_wconf 85' lang='lat' dir='ltr'>tenens)</span> <span class='ocrx_word' id='word_1_38' title='bbox 730 1145 774 1212; x_wconf 94' lang='lat' dir='ltr'>ob</span> <span class='ocrx_word' id='word_1_39' title='bbox 814 1165 997 1229; x_wconf 88' lang='lat' dir='ltr'>summam,</span> <span class='ocrx_word' id='word_1_40' title='bbox 1025 1171 1125 1236; x_wconf 91' lang='lat' dir='ltr'>quam</span> <span class='ocrx_word' id='word_1_41' title='bbox 1157 1145 1302 1214; x_wconf 88' lang='lat' dir='ltr'>habebat</span> <span class='ocrx_word' id='word_1_42' title='bbox 1339 1140 1573 1212; x_wconf 84' lang='lat' dir='ltr'>continentiae</span> <span class='ocrx_word' id='word_1_43' title='bbox 1606 1141 1638 1206; x_wconf 86' lang='lat'>&amp;</span> <span class='ocrx_word' id='word_1_44' title='bbox 1675 1135 1888 1208; x_wconf 84' lang='lat' dir='ltr'>liberalitatis</span> 
     </span>
    </p>
   </div>
   <div class='ocr_carea' id='block_1_3' title="bbox 509 1253 1979 4380">
    <p class='ocr_par' dir='ltr' id='par_1_3' title="bbox 509 1253 1979 4380">
     <span class='ocr_line' id='line_1_6' title="bbox 550 1253 1890 1351; baseline -0.006 -22"><span class='ocrx_word' id='word_1_45' title='bbox 550 1263 762 1351; x_wconf 83' lang='lat' dir='ltr'>opinionem,</span> <span class='ocrx_word' id='word_1_46' title='bbox 788 1261 971 1332; x_wconf 88' lang='lat' dir='ltr'>multorum</span> <span class='ocrx_word' id='word_1_47' title='bbox 995 1285 1100 1336; x_wconf 88' lang='lat' dir='ltr'>voces</span> <span class='ocrx_word' id='word_1_48' title='bbox 1126 1261 1220 1336; x_wconf 90' lang='lat' dir='ltr'>illum</span> <span class='ocrx_word' id='word_1_49' title='bbox 1242 1263 1439 1334; x_wconf 81' lang='lat' dir='ltr'>Pontificem</span> <span class='ocrx_word' id='word_1_50' title='bbox 1460 1260 1724 1351; x_wconf 86' lang='lat' dir='ltr'>dessignabant.</span> <span class='ocrx_word' id='word_1_51' title='bbox 1745 1257 1797 1324; x_wconf 90' lang='lat' dir='ltr'>Sic</span> <span class='ocrx_word' id='word_1_52' title='bbox 1814 1253 1890 1345; x_wconf 89' lang='lat' dir='ltr'>qui·</span> 
     </span>
     <span class='ocr_line' id='line_1_7' title="bbox 552 1362 1891 1484; baseline -0.01 -30"><span class='ocrx_word' id='word_1_53' title='bbox 552 1362 628 1484; x_wconf 82' lang='lat' dir='ltr'>dem</span> <span class='ocrx_word' id='word_1_54' title='bbox 658 1401 756 1452; x_wconf 87' lang='lat' dir='ltr'>erant</span> <span class='ocrx_word' id='word_1_55' title='bbox 795 1383 907 1452; x_wconf 86' lang='lat' dir='ltr'>animo</span> <span class='ocrx_word' id='word_1_56' title='bbox 935 1384 1056 1471; x_wconf 76' lang='lat' dir='ltr'>parati</span> <span class='ocrx_word' id='word_1_57' title='bbox 1078 1385 1227 1476; x_wconf 90' lang='lat' dir='ltr'>juniores</span> <span class='ocrx_word' id='word_1_58' title='bbox 1253 1381 1478 1468; x_wconf 88' lang='lat' dir='ltr'>Cardinales,</span> <span class='ocrx_word' id='word_1_59' title='bbox 1510 1404 1597 1473; x_wconf 89' lang='lat' dir='ltr'>quos</span> <span class='ocrx_word' id='word_1_60' title='bbox 1627 1379 1718 1448; x_wconf 89' lang='lat' dir='ltr'>omni</span> <span class='ocrx_word' id='word_1_61' title='bbox 1749 1373 1891 1444; x_wconf 85' lang='lat' dir='ltr'>officio·</span> 
     </span>
     <span class='ocr_line' id='line_1_8' title="bbox 552 1489 1890 1594; baseline -0.006 -22"><span class='ocrx_word' id='word_1_62' title='bbox 552 1526 627 1572; x_wconf 93' lang='lat' dir='ltr'>rum</span> <span class='ocrx_word' id='word_1_63' title='bbox 656 1525 778 1592; x_wconf 85' lang='lat' dir='ltr'>genere</span> <span class='ocrx_word' id='word_1_64' title='bbox 805 1527 935 1592; x_wconf 84' lang='lat' dir='ltr'>semper</span> <span class='ocrx_word' id='word_1_65' title='bbox 963 1503 1115 1576; x_wconf 88' lang='lat' dir='ltr'>coluerat</span> <span class='ocrx_word' id='word_1_66' title='bbox 1143 1559 1152 1587; x_wconf 78' lang='lat'>,</span> <span class='ocrx_word' id='word_1_67' title='bbox 1176 1527 1215 1576; x_wconf 95' lang='lat' dir='ltr'>ut</span> <span class='ocrx_word' id='word_1_68' title='bbox 1243 1503 1418 1594; x_wconf 84' lang='lat' dir='ltr'>suffragari</span> <span class='ocrx_word' id='word_1_69' title='bbox 1450 1525 1486 1574; x_wconf 88' lang='lat' dir='ltr'>se</span> <span class='ocrx_word' id='word_1_70' title='bbox 1513 1500 1560 1571; x_wconf 90' lang='lat' dir='ltr'>illi</span> <span class='ocrx_word' id='word_1_71' title='bbox 1583 1498 1777 1588; x_wconf 88' lang='lat' dir='ltr'>praesertim</span> <span class='ocrx_word' id='word_1_72' title='bbox 1804 1489 1890 1564; x_wconf 80' lang='lat' dir='ltr'>velle</span> 
     </span>
     <span class='ocr_line' id='line_1_9' title="bbox 553 1616 1891 1715; baseline -0.006 -23"><span class='ocrx_word' id='word_1_73' title='bbox 553 1623 664 1712; x_wconf 86' lang='lat' dir='ltr'>palam</span> <span class='ocrx_word' id='word_1_74' title='bbox 689 1623 902 1695; x_wconf 68' lang='lat' dir='ltr'>diClitarent.</span> <span class='ocrx_word' id='word_1_75' title='bbox 937 1629 987 1694; x_wconf 84' lang='lat' dir='ltr'>Eu</span> <span class='ocrx_word' id='word_1_76' title='bbox 1015 1628 1068 1695; x_wconf 91' lang='lat' dir='ltr'>his</span> <span class='ocrx_word' id='word_1_77' title='bbox 1102 1625 1238 1715; x_wconf 90' lang='lat' dir='ltr'>plurimi</span> <span class='ocrx_word' id='word_1_78' title='bbox 1274 1641 1372 1694; x_wconf 87' lang='lat' dir='ltr'>erant</span> <span class='ocrx_word' id='word_1_79' title='bbox 1397 1622 1520 1712; x_wconf 87' lang='lat' dir='ltr'>regiis,</span> <span class='ocrx_word' id='word_1_80' title='bbox 1547 1638 1606 1691; x_wconf 90' lang='lat' dir='ltr'>aut</span> <span class='ocrx_word' id='word_1_81' title='bbox 1632 1621 1774 1689; x_wconf 83' lang='lat' dir='ltr'>manime</span> <span class='ocrx_word' id='word_1_82' title='bbox 1806 1616 1891 1685; x_wconf 90' lang='lat' dir='ltr'>illu-</span> 
     </span>
     <span class='ocr_line' id='line_1_10' title="bbox 551 1737 1888 1836; baseline -0.004 -25"><span class='ocrx_word' id='word_1_83' title='bbox 551 1743 679 1812; x_wconf 89' lang='lat' dir='ltr'>stribus</span> <span class='ocrx_word' id='word_1_84' title='bbox 706 1742 841 1816; x_wconf 86' lang='lat' dir='ltr'>familiis</span> <span class='ocrx_word' id='word_1_85' title='bbox 877 1745 966 1832; x_wconf 92' lang='lat' dir='ltr'>orti,</span> <span class='ocrx_word' id='word_1_86' title='bbox 990 1750 1024 1816; x_wconf 79' lang='lat' dir='ltr'>dt</span> <span class='ocrx_word' id='word_1_87' title='bbox 1053 1769 1122 1815; x_wconf 92' lang='lat' dir='ltr'>non</span> <span class='ocrx_word' id='word_1_88' title='bbox 1148 1747 1250 1816; x_wconf 82' lang='lat' dir='ltr'>modo</span> <span class='ocrx_word' id='word_1_89' title='bbox 1268 1767 1391 1836; x_wconf 81' lang='lat' dir='ltr'>genere</span> <span class='ocrx_word' id='word_1_90' title='bbox 1418 1764 1520 1834; x_wconf 86' lang='lat' dir='ltr'>atque</span> <span class='ocrx_word' id='word_1_91' title='bbox 1547 1761 1684 1824; x_wconf 88' lang='lat' dir='ltr'>aetate,</span> <span class='ocrx_word' id='word_1_92' title='bbox 1709 1737 1888 1808; x_wconf 88' lang='lat' dir='ltr'>sedetiam</span> 
     </span>
     <span class='ocr_line' id='line_1_11' title="bbox 554 1856 1913 1955; baseline -0.006 -21"><span class='ocrx_word' id='word_1_93' title='bbox 554 1862 677 1951; x_wconf 82' lang='lat' dir='ltr'>opibu‘s</span> <span class='ocrx_word' id='word_1_94' title='bbox 704 1868 737 1936; x_wconf 75' lang='lat' dir='ltr'>dt</span> <span class='ocrx_word' id='word_1_95' title='bbox 768 1859 934 1936; x_wconf 87' lang='lat' dir='ltr'>clientelis</span> <span class='ocrx_word' id='word_1_96' title='bbox 965 1860 1146 1951; x_wconf 86' lang='lat' dir='ltr'>florentes,</span> <span class='ocrx_word' id='word_1_97' title='bbox 1172 1865 1368 1935; x_wconf 87' lang='lat' dir='ltr'>Ludovicus</span> <span class='ocrx_word' id='word_1_98' title='bbox 1395 1864 1586 1955; x_wconf 86' lang='lat' dir='ltr'>Aragonius</span> <span class='ocrx_word' id='word_1_99' title='bbox 1601 1908 1614 1942; x_wconf 88' lang='lat'>,</span> <span class='ocrx_word' id='word_1_100' title='bbox 1652 1856 1913 1949; x_wconf 85' lang='lat' dir='ltr'>Sigismundus&#39;</span> 
     </span>
     <span class='ocr_line' id='line_1_12' title="bbox 554 1973 1890 2076; baseline -0.008 -24"><span class='ocrx_word' id='word_1_101' title='bbox 554 1985 740 2075; x_wconf 86' lang='lat' dir='ltr'>Gonzaga,</span> <span class='ocrx_word' id='word_1_102' title='bbox 764 1989 899 2057; x_wconf 89' lang='lat' dir='ltr'>Marcus</span> <span class='ocrx_word' id='word_1_103' title='bbox 937 1986 1134 2071; x_wconf 83' lang='lat' dir='ltr'>Cornelius,</span> <span class='ocrx_word' id='word_1_104' title='bbox 1170 1986 1363 2076; x_wconf 87' lang='lat' dir='ltr'>Alphonsus</span> <span class='ocrx_word' id='word_1_105' title='bbox 1400 1985 1598 2056; x_wconf 88' lang='lat' dir='ltr'>Petruccius</span> <span class='ocrx_word' id='word_1_106' title='bbox 1629 2035 1639 2064; x_wconf 87' lang='lat'>,</span> <span class='ocrx_word' id='word_1_107' title='bbox 1672 1973 1890 2050; x_wconf 87' lang='lat' dir='ltr'>Bendinellus</span> 
     </span>
     <span class='ocr_line' id='line_1_13' title="bbox 548 2097 1891 2192; baseline -0.007 -19"><span class='ocrx_word' id='word_1_108' title='bbox 548 2099 702 2192; x_wconf 77' lang='lat' dir='ltr'>Saralius,</span> <span class='ocrx_word' id='word_1_109' title='bbox 730 2110 762 2178; x_wconf 73' lang='lat' dir='ltr'>u</span> <span class='ocrx_word' id='word_1_110' title='bbox 788 2108 983 2178; x_wconf 84' lang='lat' dir='ltr'>Matthaeus</span> <span class='ocrx_word' id='word_1_111' title='bbox 1009 2106 1215 2178; x_wconf 87' lang='lat' dir='ltr'>Sedunensis</span> <span class='ocrx_word' id='word_1_112' title='bbox 1233 2159 1243 2175; x_wconf 88' lang='lat'><strong>.</strong></span> <span class='ocrx_word' id='word_1_113' title='bbox 1259 2113 1339 2178; x_wconf 85' lang='lat' dir='ltr'>Erat</span> <span class='ocrx_word' id='word_1_114' title='bbox 1367 2130 1450 2177; x_wconf 91' lang='lat' dir='ltr'>vero</span> <span class='ocrx_word' id='word_1_115' title='bbox 1478 2108 1621 2174; x_wconf 87' lang='lat' dir='ltr'>Senatus</span> <span class='ocrx_word' id='word_1_116' title='bbox 1650 2101 1806 2190; x_wconf 88' lang='lat' dir='ltr'>princeps</span> <span class='ocrx_word' id='word_1_117' title='bbox 1821 2097 1891 2164; x_wconf 89' lang='lat' dir='ltr'>Ra·</span> 
     </span>
     <span class='ocr_line' id='line_1_14' title="bbox 555 2217 1890 2318; baseline -0.007 -24"><span class='ocrx_word' id='word_1_118' title='bbox 555 2225 656 2314; x_wconf 87' lang='lat' dir='ltr'>phael</span> <span class='ocrx_word' id='word_1_119' title='bbox 680 2225 844 2311; x_wconf 84' lang='lat' dir='ltr'>Riarius,</span> <span class='ocrx_word' id='word_1_120' title='bbox 871 2249 972 2318; x_wconf 90' lang='lat' dir='ltr'>quem</span> <span class='ocrx_word' id='word_1_121' title='bbox 1011 2247 1129 2314; x_wconf 90' lang='lat' dir='ltr'>aetas,</span> <span class='ocrx_word' id='word_1_122' title='bbox 1161 2251 1287 2318; x_wconf 86' lang='lat' dir='ltr'>genus,</span> <span class='ocrx_word' id='word_1_123' title='bbox 1316 2229 1499 2310; x_wconf 89' lang='lat' dir='ltr'>honores,</span> <span class='ocrx_word' id='word_1_124' title='bbox 1540 2221 1683 2294; x_wconf 87' lang='lat' dir='ltr'>divitiae</span> <span class='ocrx_word' id='word_1_125' title='bbox 1717 2217 1757 2288; x_wconf 88' lang='lat' dir='ltr'>ad</span> <span class='ocrx_word' id='word_1_126' title='bbox 1795 2233 1890 2304; x_wconf 84' lang='lat' dir='ltr'>spem</span> 
     </span>
     <span class='ocr_line' id='line_1_15' title="bbox 556 2335 1893 2439; baseline -0.007 -27"><span class='ocrx_word' id='word_1_127' title='bbox 556 2366 708 2416; x_wconf 90' lang='lat' dir='ltr'>summae</span> <span class='ocrx_word' id='word_1_128' title='bbox 728 2345 905 2438; x_wconf 82' lang='lat' dir='ltr'>dignitatis</span> <span class='ocrx_word' id='word_1_129' title='bbox 925 2347 1132 2439; x_wconf 84' lang='lat' dir='ltr'>obtinendae</span> <span class='ocrx_word' id='word_1_130' title='bbox 1159 2349 1418 2419; x_wconf 85' lang='lat' dir='ltr'>excitaverant.</span> <span class='ocrx_word' id='word_1_131' title='bbox 1448 2347 1574 2418; x_wconf 85' lang='lat' dir='ltr'>Eodem</span> <span class='ocrx_word' id='word_1_132' title='bbox 1592 2343 1707 2414; x_wconf 89' lang='lat' dir='ltr'>studio</span> <span class='ocrx_word' id='word_1_133' title='bbox 1728 2338 1785 2410; x_wconf 90' lang='lat' dir='ltr'>alii</span> <span class='ocrx_word' id='word_1_134' title='bbox 1814 2335 1893 2404; x_wconf 87' lang='lat' dir='ltr'>sor·-</span> 
     </span>
     <span class='ocr_line' id='line_1_16' title="bbox 558 2452 1890 2565; baseline -0.008 -31"><span class='ocrx_word' id='word_1_135' title='bbox 558 2485 651 2536; x_wconf 85' lang='lat' dir='ltr'>tasse</span> <span class='ocrx_word' id='word_1_136' title='bbox 679 2467 913 2565; x_wconf 81' lang='lat' dir='ltr'>tenebantur,</span> <span class='ocrx_word' id='word_1_137' title='bbox 938 2469 998 2538; x_wconf 89' lang='lat' dir='ltr'>sed</span> <span class='ocrx_word' id='word_1_138' title='bbox 1028 2467 1194 2553; x_wconf 87' lang='lat' dir='ltr'>solertia,</span> <span class='ocrx_word' id='word_1_139' title='bbox 1234 2469 1389 2540; x_wconf 88' lang='lat' dir='ltr'>consiliis</span> <span class='ocrx_word' id='word_1_140' title='bbox 1418 2475 1452 2540; x_wconf 78' lang='lat' dir='ltr'>dt</span> <span class='ocrx_word' id='word_1_141' title='bbox 1485 2463 1760 2556; x_wconf 88' lang='lat' dir='ltr'>prensationibus</span> <span class='ocrx_word' id='word_1_142' title='bbox 1809 2452 1890 2526; x_wconf 86' lang='lat' dir='ltr'>dili·</span> 
     </span>
     <span class='ocr_line' id='line_1_17' title="bbox 554 2574 1891 2677; baseline -0.01 -21"><span class='ocrx_word' id='word_1_143' title='bbox 554 2588 788 2677; x_wconf 86' lang='lat' dir='ltr'>gentioribus,</span> <span class='ocrx_word' id='word_1_144' title='bbox 807 2603 847 2656; x_wconf 91' lang='lat' dir='ltr'>ut</span> <span class='ocrx_word' id='word_1_145' title='bbox 878 2587 926 2657; x_wconf 90' lang='lat' dir='ltr'>ait</span> <span class='ocrx_word' id='word_1_146' title='bbox 948 2587 1113 2672; x_wconf 85' lang='lat' dir='ltr'>Bembus,</span> <span class='ocrx_word' id='word_1_147' title='bbox 1139 2590 1300 2659; x_wconf 90' lang='lat' dir='ltr'>Bernardi</span> <span class='ocrx_word' id='word_1_148' title='bbox 1326 2589 1458 2661; x_wconf 90' lang='lat' dir='ltr'>Dovitii</span> <span class='ocrx_word' id='word_1_149' title='bbox 1488 2582 1721 2657; x_wconf 87' lang='lat' dir='ltr'>amabilissimi</span> <span class='ocrx_word' id='word_1_150' title='bbox 1743 2574 1891 2648; x_wconf 90' lang='lat' dir='ltr'>hominis</span> 
     </span>
     <span class='ocr_line' id='line_1_18' title="bbox 555 2695 1892 2781; baseline -0.007 -7"><span class='ocrx_word' id='word_1_151' title='bbox 555 2708 710 2778; x_wconf 92' lang='lat' dir='ltr'>omnium</span> <span class='ocrx_word' id='word_1_152' title='bbox 734 2706 931 2780; x_wconf 86' lang='lat' dir='ltr'>voluntates</span> <span class='ocrx_word' id='word_1_153' title='bbox 960 2707 1119 2780; x_wconf 90' lang='lat' dir='ltr'>inunum</span> <span class='ocrx_word' id='word_1_154' title='bbox 1142 2731 1327 2781; x_wconf 85' lang='lat' dir='ltr'>conversae</span> <span class='ocrx_word' id='word_1_155' title='bbox 1345 2727 1426 2780; x_wconf 91' lang='lat' dir='ltr'>sunt</span> <span class='ocrx_word' id='word_1_156' title='bbox 1444 2704 1659 2779; x_wconf 89' lang='lat' dir='ltr'>Cardinalem</span> <span class='ocrx_word' id='word_1_157' title='bbox 1675 2695 1892 2778; x_wconf 83' lang='lat' dir='ltr'>Mediceum‚</span> 
     </span>
     <span class='ocr_line' id='line_1_19' title="bbox 555 2816 1892 2920; baseline -0.007 -24"><span class='ocrx_word' id='word_1_158' title='bbox 555 2849 704 2920; x_wconf 90' lang='lat' dir='ltr'>eumque</span> <span class='ocrx_word' id='word_1_159' title='bbox 727 2830 899 2900; x_wconf 85' lang='lat' dir='ltr'>Summum</span> <span class='ocrx_word' id='word_1_160' title='bbox 932 2829 1130 2900; x_wconf 86' lang='lat' dir='ltr'>Pontificem</span> <span class='ocrx_word' id='word_1_161' title='bbox 1162 2848 1323 2901; x_wconf 87' lang='lat' dir='ltr'>crearunt</span> <span class='ocrx_word' id='word_1_162' title='bbox 1360 2831 1506 2920; x_wconf 90' lang='lat' dir='ltr'>septimo</span> <span class='ocrx_word' id='word_1_163' title='bbox 1532 2847 1611 2920; x_wconf 89' lang='lat' dir='ltr'>post</span> <span class='ocrx_word' id='word_1_164' title='bbox 1643 2827 1696 2897; x_wconf 87' lang='lat' dir='ltr'>die</span> <span class='ocrx_word' id='word_1_165' title='bbox 1723 2843 1824 2914; x_wconf 90' lang='lat' dir='ltr'>quarn</span> <span class='ocrx_word' id='word_1_166' title='bbox 1849 2816 1892 2887; x_wconf 89' lang='lat' dir='ltr'>ad</span> 
     </span>
     <span class='ocr_line' id='line_1_20' title="bbox 509 2939 1911 3042; baseline -0.004 -28"><span class='ocrx_word' id='word_1_167' title='bbox 509 3001 511 3004; x_wconf 88' lang='lat'>.</span> <span class='ocrx_word' id='word_1_168' title='bbox 557 2948 696 3018; x_wconf 86' lang='lat' dir='ltr'>comitia</span> <span class='ocrx_word' id='word_1_169' title='bbox 720 2969 907 3036; x_wconf 78' lang='lat' dir='ltr'>venerant,</span> <span class='ocrx_word' id='word_1_170' title='bbox 927 2945 989 3042; x_wconf 92' lang='lat' dir='ltr'>qui</span> <span class='ocrx_word' id='word_1_171' title='bbox 1019 2951 1086 3021; x_wconf 85' lang='lat' dir='ltr'>suit</span> <span class='ocrx_word' id='word_1_172' title='bbox 1113 2950 1184 3021; x_wconf 90' lang='lat' dir='ltr'>dies</span> <span class='ocrx_word' id='word_1_173' title='bbox 1209 2950 1314 3020; x_wconf 86' lang='lat' dir='ltr'>adv.</span> <span class='ocrx_word' id='word_1_174' title='bbox 1343 2951 1390 3021; x_wconf 91' lang='lat' dir='ltr'>ld.</span> <span class='ocrx_word' id='word_1_175' title='bbox 1425 2951 1557 3020; x_wconf 90' lang='lat' dir='ltr'>Martii.</span> <span class='ocrx_word' id='word_1_176' title='bbox 1598 2950 1705 3017; x_wconf 88' lang='lat' dir='ltr'>Fuere</span> <span class='ocrx_word' id='word_1_177' title='bbox 1738 2941 1799 3033; x_wconf 92' lang='lat' dir='ltr'>qui</span> <span class='ocrx_word' id='word_1_178' title='bbox 1818 2939 1911 3008; x_wconf 88' lang='lat' dir='ltr'>exi-·</span> 
     </span>
     <span class='ocr_line' id='line_1_21' title="bbox 551 3061 1892 3155; baseline -0.005 -22"><span class='ocrx_word' id='word_1_179' title='bbox 551 3065 755 3152; x_wconf 85' lang='lat' dir='ltr'>stimarent,</span> <span class='ocrx_word' id='word_1_180' title='bbox 777 3090 865 3141; x_wconf 89' lang='lat' dir='ltr'>teste</span> <span class='ocrx_word' id='word_1_181' title='bbox 893 3073 1018 3155; x_wconf 80' lang='lat' dir='ltr'>Iovio,</span> <span class='ocrx_word' id='word_1_182' title='bbox 1044 3070 1099 3142; x_wconf 81' lang='lat' dir='ltr'>vel</span> <span class='ocrx_word' id='word_1_183' title='bbox 1131 3071 1176 3141; x_wconf 92' lang='lat' dir='ltr'>ob</span> <span class='ocrx_word' id='word_1_184' title='bbox 1206 3070 1240 3141; x_wconf 88' lang='lat' dir='ltr'>id</span> <span class='ocrx_word' id='word_1_185' title='bbox 1265 3070 1415 3140; x_wconf 88' lang='lat' dir='ltr'>seniores</span> <span class='ocrx_word' id='word_1_186' title='bbox 1443 3065 1640 3138; x_wconf 80' lang='lat' dir='ltr'>cardinales</span> <span class='ocrx_word' id='word_1_187' title='bbox 1668 3061 1710 3132; x_wconf 89' lang='lat' dir='ltr'>ad</span> <span class='ocrx_word' id='word_1_188' title='bbox 1732 3067 1892 3133; x_wconf 84' lang='lat' dir='ltr'>loannem</span> 
     </span>
     <span class='ocr_line' id='line_1_22' title="bbox 553 3184 1896 3283; baseline -0.007 -27"><span class='ocrx_word' id='word_1_189' title='bbox 553 3191 757 3277; x_wconf 86' lang='lat' dir='ltr'>accessisse,</span> <span class='ocrx_word' id='word_1_190' title='bbox 783 3191 877 3283; x_wconf 91' lang='lat' dir='ltr'>quod</span> <span class='ocrx_word' id='word_1_191' title='bbox 902 3190 1203 3281; x_wconf 83' lang='lat' dir='ltr'>pridie,disrupto</span> <span class='ocrx_word' id='word_1_192' title='bbox 1226 3211 1269 3260; x_wconf 93' lang='lat' dir='ltr'>eo</span> <span class='ocrx_word' id='word_1_193' title='bbox 1301 3187 1561 3279; x_wconf 84' lang='lat' dir='ltr'>abscessu‚qui</span> <span class='ocrx_word' id='word_1_194' title='bbox 1588 3184 1701 3254; x_wconf 86' lang='lat' dir='ltr'>sedem</span> <span class='ocrx_word' id='word_1_195' title='bbox 1736 3201 1896 3267; x_wconf 86' lang='lat' dir='ltr'>occupa-</span> 
     </span>
     <span class='ocr_line' id='line_1_23' title="bbox 554 3297 1898 3401; baseline -0.004 -27"><span class='ocrx_word' id='word_1_196' title='bbox 554 3325 632 3388; x_wconf 83' lang='lat' dir='ltr'>rat,</span> <span class='ocrx_word' id='word_1_197' title='bbox 654 3325 753 3379; x_wconf 82' lang='lat' dir='ltr'>tanto</span> <span class='ocrx_word' id='word_1_198' title='bbox 789 3311 925 3382; x_wconf 78' lang='lat' dir='ltr'>foetore</span> <span class='ocrx_word' id='word_1_199' title='bbox 954 3335 998 3383; x_wconf 85' lang='lat' dir='ltr'>ex</span> <span class='ocrx_word' id='word_1_200' title='bbox 1027 3305 1220 3401; x_wconf 87' lang='lat' dir='ltr'>profluente</span> <span class='ocrx_word' id='word_1_201' title='bbox 1249 3311 1344 3381; x_wconf 89' lang='lat' dir='ltr'>sanie</span> <span class='ocrx_word' id='word_1_202' title='bbox 1378 3325 1490 3380; x_wconf 91' lang='lat' dir='ltr'>totum</span> <span class='ocrx_word' id='word_1_203' title='bbox 1526 3303 1691 3378; x_wconf 87' lang='lat' dir='ltr'>conclave</span> <span class='ocrx_word' id='word_1_204' title='bbox 1724 3297 1898 3391; x_wconf 79' lang='lat' dir='ltr'>impleuis-</span> 
     </span>
     <span class='ocr_line' id='line_1_24' title="bbox 556 3420 1897 3523; baseline -0.008 -19"><span class='ocrx_word' id='word_1_205' title='bbox 556 3443 638 3510; x_wconf 82' lang='lat' dir='ltr'>set,</span> <span class='ocrx_word' id='word_1_206' title='bbox 661 3450 702 3498; x_wconf 90' lang='lat' dir='ltr'>ut</span> <span class='ocrx_word' id='word_1_207' title='bbox 733 3449 899 3523; x_wconf 83' lang='lat' dir='ltr'>tanquam</span> <span class='ocrx_word' id='word_1_208' title='bbox 931 3455 951 3504; x_wconf 88' lang='lat' dir='ltr'>a</span> <span class='ocrx_word' id='word_1_209' title='bbox 975 3431 1154 3506; x_wconf 81' lang='lat' dir='ltr'>mortifera</span> <span class='ocrx_word' id='word_1_210' title='bbox 1188 3433 1266 3506; x_wconf 87' lang='lat' dir='ltr'>tabe</span> <span class='ocrx_word' id='word_1_211' title='bbox 1290 3429 1458 3516; x_wconf 82' lang='lat' dir='ltr'>infee&#39;lus,</span> <span class='ocrx_word' id='word_1_212' title='bbox 1487 3449 1559 3498; x_wconf 91' lang='lat' dir='ltr'>non</span> <span class='ocrx_word' id='word_1_213' title='bbox 1592 3426 1654 3497; x_wconf 90' lang='lat' dir='ltr'>diu</span> <span class='ocrx_word' id='word_1_214' title='bbox 1682 3420 1897 3515; x_wconf 70' lang='lat' dir='ltr'>supertitio-</span> 
     </span>
     <span class='ocr_line' id='line_1_25' title="bbox 555 3540 1900 3641; baseline -0.004 -25"><span class='ocrx_word' id='word_1_215' title='bbox 555 3567 616 3616; x_wconf 89' lang='lat' dir='ltr'>rus</span> <span class='ocrx_word' id='word_1_216' title='bbox 643 3543 739 3636; x_wconf 84' lang='lat' dir='ltr'>esse,</span> <span class='ocrx_word' id='word_1_217' title='bbox 761 3550 817 3622; x_wconf 88' lang='lat' dir='ltr'>vel</span> <span class='ocrx_word' id='word_1_218' title='bbox 839 3552 1051 3625; x_wconf 89' lang='lat' dir='ltr'>medicorum</span> <span class='ocrx_word' id='word_1_219' title='bbox 1081 3553 1279 3626; x_wconf 86' lang='lat' dir='ltr'>testimonio</span> <span class='ocrx_word' id='word_1_220' title='bbox 1304 3551 1522 3624; x_wconf 90' lang='lat' dir='ltr'>crederetur.</span> <span class='ocrx_word' id='word_1_221' title='bbox 1546 3551 1625 3641; x_wconf 87' lang='lat' dir='ltr'>Qua</span> <span class='ocrx_word' id='word_1_222' title='bbox 1646 3571 1690 3618; x_wconf 83' lang='lat' dir='ltr'>ex</span> <span class='ocrx_word' id='word_1_223' title='bbox 1721 3567 1760 3616; x_wconf 86' lang='lat' dir='ltr'>re</span> <span class='ocrx_word' id='word_1_224' title='bbox 1795 3540 1900 3613; x_wconf 87' lang='lat' dir='ltr'>calu·</span> 
     </span>
     <span class='ocr_line' id='line_1_26' title="bbox 555 3665 1904 3768; baseline -0.001 -34"><span class='ocrx_word' id='word_1_225' title='bbox 555 3665 709 3739; x_wconf 87' lang='lat' dir='ltr'>mniandi</span> <span class='ocrx_word' id='word_1_226' title='bbox 730 3673 893 3746; x_wconf 84' lang='lat' dir='ltr'>loannem</span> <span class='ocrx_word' id='word_1_227' title='bbox 918 3672 1098 3760; x_wconf 85' lang='lat' dir='ltr'>nonnulli,</span> <span class='ocrx_word' id='word_1_228' title='bbox 1122 3675 1244 3768; x_wconf 85' lang='lat' dir='ltr'>quibus</span> <span class='ocrx_word' id='word_1_229' title='bbox 1271 3671 1481 3746; x_wconf 83' lang='lat' dir='ltr'>&amp;assentiri</span> <span class='ocrx_word' id='word_1_230' title='bbox 1508 3671 1648 3744; x_wconf 81' lang='lat' dir='ltr'>uidetur</span> <span class='ocrx_word' id='word_1_231' title='bbox 1672 3669 1794 3739; x_wconf 87' lang='lat' dir='ltr'>Petrus</span> <span class='ocrx_word' id='word_1_232' title='bbox 1817 3665 1904 3750; x_wconf 84' lang='lat' dir='ltr'>Ray·</span> 
     </span>
     <span class='ocr_line' id='line_1_27' title="bbox 552 3778 1979 3894; baseline -0.002 -39"><span class='ocrx_word' id='word_1_233' title='bbox 552 3778 649 3874; x_wconf 77' lang='lat' dir='ltr'>line,</span> <span class='ocrx_word' id='word_1_234' title='bbox 675 3807 831 3864; x_wconf 82' lang='lat' dir='ltr'>caussam</span> <span class='ocrx_word' id='word_1_235' title='bbox 856 3812 1103 3886; x_wconf 86' lang='lat' dir='ltr'>sumpserunt,</span> <span class='ocrx_word' id='word_1_236' title='bbox 1127 3795 1239 3889; x_wconf 85' lang='lat' dir='ltr'>quasi·</span> <span class='ocrx_word' id='word_1_237' title='bbox 1255 3793 1395 3894; x_wconf 73' lang='lat' dir='ltr'>juvenili</span> <span class='ocrx_word' id='word_1_238' title='bbox 1427 3793 1574 3887; x_wconf 85' lang='lat' dir='ltr'>quadam</span> <span class='ocrx_word' id='word_1_239' title='bbox 1596 3789 1742 3861; x_wconf 87' lang='lat' dir='ltr'>licentia</span> <span class='ocrx_word' id='word_1_240' title='bbox 1773 3785 1810 3856; x_wconf 90' lang='lat' dir='ltr'>in</span> <span class='ocrx_word' id='word_1_241' title='bbox 1837 3784 1904 3854; x_wconf 85' lang='lat' dir='ltr'>lut·</span> <span class='ocrx_word' id='word_1_242' title='bbox 1950 3827 1979 3839; x_wconf 59' lang='lat'><em>-</em></span> 
     </span>
     <span class='ocr_line' id='line_1_28' title="bbox 551 3902 1901 4008; baseline 0 -34"><span class='ocrx_word' id='word_1_243' title='bbox 551 3902 704 3998; x_wconf 82' lang='lat' dir='ltr'>jusmodi</span> <span class='ocrx_word' id='word_1_244' title='bbox 729 3931 768 3985; x_wconf 82' lang='lat' dir='ltr'>se</span> <span class='ocrx_word' id='word_1_245' title='bbox 789 3937 828 3988; x_wconf 86' lang='lat' dir='ltr'>se</span> <span class='ocrx_word' id='word_1_246' title='bbox 853 3913 1264 4008; x_wconf 73' lang='lat' dir='ltr'>implicasset-morbum.</span> <span class='ocrx_word' id='word_1_247' title='bbox 1299 3915 1366 3989; x_wconf 88' lang='lat' dir='ltr'>Sed</span> <span class='ocrx_word' id='word_1_248' title='bbox 1390 3937 1455 3986; x_wconf 90' lang='lat' dir='ltr'>nos</span> <span class='ocrx_word' id='word_1_249' title='bbox 1479 3912 1696 4005; x_wconf 87' lang='lat' dir='ltr'>potissimum</span> <span class='ocrx_word' id='word_1_250' title='bbox 1719 3905 1901 3982; x_wconf 83' lang='lat' dir='ltr'>Gui&#39;cciar·</span> 
     </span>
     <span class='ocr_line' id='line_1_29' title="bbox 552 4020 1901 4132; baseline -0.012 -22"><span class='ocrx_word' id='word_1_251' title='bbox 552 4023 651 4130; x_wconf 64' lang='lat' dir='ltr'>&#39;finio</span> <span class='ocrx_word' id='word_1_252' title='bbox 675 4034 871 4126; x_wconf 85' lang='lat' dir='ltr'>credimus,</span> <span class='ocrx_word' id='word_1_253' title='bbox 895 4039 954 4132; x_wconf 92' lang='lat' dir='ltr'>qui</span> <span class='ocrx_word' id='word_1_254' title='bbox 986 4039 1034 4110; x_wconf 85' lang='lat' dir='ltr'>ait</span> <span class='ocrx_word' id='word_1_255' title='bbox 1063 4039 1194 4114; x_wconf 82' lang='lat' dir='ltr'>aditum</span> <span class='ocrx_word' id='word_1_256' title='bbox 1223 4039 1267 4112; x_wconf 88' lang='lat' dir='ltr'>ad</span> <span class='ocrx_word' id='word_1_257' title='bbox 1299 4061 1467 4112; x_wconf 91' lang='lat' dir='ltr'>summum</span> <span class='ocrx_word' id='word_1_258' title='bbox 1503 4035 1742 4109; x_wconf 81' lang='lat' dir='ltr'>Pontificatum</span> <span class='ocrx_word' id='word_1_259' title='bbox 1777 4020 1901 4098; x_wconf 80' lang='lat' dir='ltr'>loanni</span> 
     </span>
     <span class='ocr_line' id='line_1_30' title="bbox 556 4131 1899 4268; baseline -0.007 -41"><span class='ocrx_word' id='word_1_260' title='bbox 556 4131 845 4268; x_wconf 48' lang='lat' dir='ltr'>FlestfssQ&amp;</span> <span class='ocrx_word' id='word_1_261' title='bbox 875 4159 1018 4252; x_wconf 84' lang='lat' dir='ltr'>plausus</span> <span class='ocrx_word' id='word_1_262' title='bbox 1047 4165 1093 4236; x_wconf 91' lang='lat' dir='ltr'>ob</span> <span class='ocrx_word' id='word_1_263' title='bbox 1122 4163 1282 4255; x_wconf 86' lang='lat' dir='ltr'>adeptum</span> <span class='ocrx_word' id='word_1_264' title='bbox 1305 4163 1479 4236; x_wconf 84' lang='lat' dir='ltr'>excitasse</span> <span class='ocrx_word' id='word_1_265' title='bbox 1510 4158 1708 4234; x_wconf 84' lang='lat' dir='ltr'>memoriam</span> <span class='ocrx_word' id='word_1_266' title='bbox 1724 4168 1899 4244; x_wconf 63' lang='lat' dir='ltr'>matema·</span> 
     </span>
     <span class='ocr_line' id='line_1_31' title="bbox 557 4261 1899 4380; baseline -0.02 -15"><span class='ocrx_word' id='word_1_267' title='bbox 557 4277 636 4328; x_wconf 58' lang='grc' dir='ltr'><strong>Μ</strong></span> <span class='ocrx_word' id='word_1_268' title='bbox 663 4261 1084 4375; x_wconf 58' lang='grc' dir='ltr'>ἯῐωωΝῇιηειη,</span> <span class='ocrx_word' id='word_1_269' title='bbox 1117 4309 1208 4380; x_wconf 82' lang='lat' dir='ltr'>quae</span> <span class='ocrx_word' id='word_1_270' title='bbox 1228 4306 1347 4359; x_wconf 89' lang='lat' dir='ltr'>omnes</span> <span class='ocrx_word' id='word_1_271' title='bbox 1379 4283 1537 4378; x_wconf 85' lang='lat' dir='ltr'>regiones</span> <span class='ocrx_word' id='word_1_272' title='bbox 1553 4267 1808 4374; x_wconf 66' lang='lat' dir='ltr'>&#39;peragraverat</span> <span class='ocrx_word' id='word_1_273' title='bbox 1826 4272 1899 4367; x_wconf 80' lang='lat' dir='ltr'>ejus</span> 
     </span>
    </p>
   </div>
   <div class='ocr_carea' id='block_1_4' title="bbox 554 4369 1899 4591">
    <p class='ocr_par' dir='ltr' id='par_1_4' title="bbox 554 4369 1899 4591">
     <span class='ocr_line' id='line_1_32' title="bbox 557 4369 1899 4498; baseline -0.018 -12"><span class='ocrx_word' id='word_1_274' title='bbox 557 4370 799 4460; x_wconf 54' lang='lat' dir='ltr'>&#39;ibeffflmss’</span> <span class='ocrx_word' id='word_1_275' title='bbox 830 4369 1310 4498; x_wconf 42' lang='lat' dir='ltr'>benignstffi&#39;ffiwrumque</span> <span class='ocrx_word' id='word_1_276' title='bbox 1342 4402 1442 4495; x_wconf 87' lang='lat' dir='ltr'>plane</span> <span class='ocrx_word' id='word_1_277' title='bbox 1472 4405 1766 4481; x_wconf 83' lang='lat' dir='ltr'>castissimorum,</span> <span class='ocrx_word' id='word_1_278' title='bbox 1804 4382 1899 4486; x_wconf 81' lang='lat' dir='ltr'>quocl</span> 
     </span>
     <span class='ocr_line' id='line_1_33' title="bbox 554 4495 1896 4591; baseline 0.002 -20"><span class='ocrx_word' id='word_1_279' title='bbox 554 4495 601 4582; x_wconf 80' lang='lat' dir='ltr'>jis</span> <span class='ocrx_word' id='word_1_280' title='bbox 623 4495 858 4590; x_wconf 81' lang='lat' dir='ltr'>temporibus,</span> <span class='ocrx_word' id='word_1_281' title='bbox 882 4495 918 4569; x_wconf 90' lang='lat' dir='ltr'>itt</span> <span class='ocrx_word' id='word_1_282' title='bbox 948 4495 1073 4591; x_wconf 83' lang='lat' dir='ltr'>quibus</span> <span class='ocrx_word' id='word_1_283' title='bbox 1096 4497 1202 4576; x_wconf 79' lang='lat' dir='ltr'>nimia</span> <span class='ocrx_word' id='word_1_284' title='bbox 1225 4495 1773 4588; x_wconf 48' lang='lat' dir='ltr'>licentra-snam</span> <span class='ocrx_word' id='word_1_285' title='bbox 1788 4507 1896 4574; x_wconf 70' lang='lat' dir='ltr'>modo</span> 
     </span>
    </p>
   </div>
   <div class='ocr_carea' id='block_1_5' title="bbox 0 0 2256 5828">
    <p class='ocr_par' dir='ltr' id='par_1_5' title="bbox 0 0 2256 5828">
     <span class='ocr_line' id='line_1_34' title="bbox 0 0 2256 5828; baseline 0 0"><span class='ocrx_word' id='word_1_286' title='bbox 0 0 2256 5828; x_wconf 95' lang='lat' dir='ltr'> </span> 
     </span>
    </p>
   </div>
   <div class='ocr_carea' id='block_1_6' title="bbox 2229 2887 2242 4721">
    <p class='ocr_par' dir='ltr' id='par_1_6' title="bbox 2229 2887 2242 4721">
     <span class='ocr_line' id='line_1_35' title="bbox 2229 2887 2242 4721; baseline 0 0"><span class='ocrx_word' id='word_1_287' title='bbox 2229 2887 2242 4721; x_wconf 95' lang='lat' dir='ltr'> </span> 
     </span>
    </p>
   </div>
  </div>
 </body>
</html>
