4372 5842
711 638 742 702 V
838 635 852 704 l
950 638 982 708 T
1079 634 1110 704 ll
1454 709 1459 720 ,
1503 653 1567 728 193

397 756 550 830 Profecto
575 754 661 828 nihil
686 753 865 846 effugiebat
891 755 1205 842 Leonem,&'cum
1229 750 1392 846 cogitaret
1412 753 1563 844 pericula
1586 758 1622 828 bt

294 875 464 964 insidias,
487 885 573 970 quae
610 875 725 946 multis
750 875 889 946 summis
927 875 1008 946 viris
1034 875 1251 946 struebantur
1277 901 1298 947 a
1322 899 1431 948 rerum
1456 873 1621 946 nov'atum

298 1000 449 1090 cupidis,
473 996 768 1068 vehementissime
793 994 950 1078 dolebat,
973 995 1105 1088 sibique
1130 995 1215 1066 nihil
1241 995 1359 1087 reliqui
1384 994 1539 1077 iaciebat,
1564 990 1619 1068 vel

293 1140 333 1190 nt
358 1121 532 1194 eosbono
557 1117 592 1184 in
617 1113 795 1204 proposito
816 1111 1030 1186 confirmaret
1054 1165 1064 1194 ,
1089 1113 1144 1184 tel
1170 1135 1251 1186 uta
1287 1114 1386 1204 lapsu
1411 1131 1619 1185 revocaret.

292 1240 409 1328 Quare
436 1259 512 1308 curn
537 1258 579 1303 ex
599 1258 639 1304 eo
656 1251 894 1325 quaereretur,
918 1233 1009 1328 quod
1029 1257 1206 1318 acroama,
1234 1253 1292 1306 aut
1318 1236 1414 1325 cujus
1440 1258 1558 1306 vocem
1583 1236 1623 1308 li·

290 1357 484 1428 beatissime
509 1353 657 1440 audiret,
682 1352 808 1424 dixisse
834 1355 956 1450 ajunt,
981 1355 1052 1448 ejus
1067 1379 1113 1438 ,a
1138 1377 1205 1445 quo
1231 1379 1331 1424 suum
1354 1354 1500 1424 studium
1523 1375 1624 1442 prae·

290 1475 461 1546 dicaretur
486 1473 721 1548 inflammandi
746 1473 824 1546 illos
848 1521 861 1556 ,
885 1473 945 1566 qui
969 1473 1093 1544 litteris
1119 1473 1336 1564 praestabant
1360 1523 1370 1557 ,
1396 1473 1439 1544 ad
1463 1494 1521 1562 eas
1547 1494 1623 1544 cum

290 1592 465 1686 religionis
490 1592 718 1668 emolumento
744 1593 977 1679 excolendas,
1004 1601 1038 1666 δι
1065 1593 1108 1664 ad
1136 1614 1348 1664 communem
1374 1589 1518 1666 frucium
1548 1594 1626 1664 alle·

292 1717 412 1788 rendas
438 1769 448 1804 ,
475 1717 545 1788 sine
572 1741 640 1808 quo
665 1717 699 1786 in
724 1715 798 1786 vita
821 1715 902 1786 nihil
928 1715 1108 1807 quicquam
1134 1715 1303 1808 egregium
1326 1762 1336 1784 .
1361 1717 1436 1786 Hoc
1469 1714 1625 1786 nimirum

292 1855 362 1906 etat
381 1836 483 1922 illud,
500 1836 593 1928 quod
617 1836 785 1908 scribebat
808 1837 843 1906 in
864 1835 1007 1924 epistola
1029 1833 1173 1924 quadam
1200 1834 1243 1906 ad
1267 1834 1449 1930 Henricum
1463 1835 1623 1908 Corneli·

264 1978 347 2026 um
373 1957 574 2046 Agrippam,
599 1956 658 2048 qui
684 1953 791 2026 multa
816 1957 964 2024 animose
990 1960 1022 2024 δι
1047 1954 1180 2024 sortiter
1205 1977 1242 2024 se
1256 1955 1398 2046 gessisse
1413 1957 1619 2026 &exarasse

291 2074 500 2166 gloriabatur
527 2098 587 2164 pro
614 2075 741 2146 tuenda
775 2073 944 2145 Ecclesiae
967 2073 1141 2158 libertate,
1162 2074 1204 2144 ad
1228 2078 1385 2146 loannem
1421 2074 1622 2146 lleuclinuut

294 2198 528 2280 Germanum,
554 2196 612 2286 qui
633 2218 757 2264 arcana
781 2194 1010 2266 Hebraeorum
1035 2195 1271 2268 confirmandis
1297 2195 1511 2268 Christianae
1536 2193 1620 2286 legis

294 2312 471 2404 praesidiis
498 2314 534 2384 in
558 2314 666 2384 lucem
686 2314 894 2402 protulerat,
912 2315 1043 2408 sibique
1067 2337 1320 2408 nuncupaverat
1345 2317 1369 2402 (
1386 2317 1507 2387 horum
1531 2315 1622 2385 enim

291 2427 468 2504 hominum
493 2434 635 2508 audacia
660 2455 732 2506 rum
757 2437 929 2528 perspicua
943 2437 1079 2508 minime
1105 2453 1199 2524 erat,
1222 2437 1400 2508 notissima
1426 2455 1539 2508 autem
1563 2434 1624 2504 do·

286 2547 396 2628 lirina
420 2559 455 2626 ot
479 2556 647 2646 ingenium
671 2557 810 2626 omnino
835 2558 990 2646 mirum)
1015 2557 1058 2628 ad
1080 2557 1291 2630 Ludovicum
1314 2554 1518 2630 Manlianum
1541 2556 1617 2624 Tu·

285 2669 424 2742 densem
449 2675 679 2766 Episcopum,
704 2675 763 2766 qui
790 2700 865 2748 curn
891 2676 1039 2746 nobilem
1063 2678 1253 2749 orationem
1278 2701 1340 2768 pro
1360 2674 1541 2748 Catholica
1565 2672 1619 2744 Fi·

282 2787 326 2860 de
350 2793 517 2864 emisisset
541 2845 552 2878 ,
579 2795 673 2884 quod
698 2793 746 2866 illi
772 2817 950 2872 commune
975 2795 1143 2869 suiacum
1168 2797 1240 2871 aliis
1263 2793 1376 2870 multis
1401 2843 1411 2876 .
1436 2793 1570 2866 laudem
1595 2815 1617 2864 a

282 2908 445 2982 Pontifice
469 2913 623 2984 eximiam
648 2914 763 2986 retulit
797 2965 808 3004 ,
840 2900 932 3006 quod
955 2915 1125 3008 egregium
1147 2917 1338 3008 ingenium,
1365 2911 1618 3005 &singularem

282 3026 469 3098 dodrinam
494 3031 537 3102 ad
562 3031 647 3118 Dei,
667 3033 962 3128 musarumque
987 3039 1160 3107 Romanae
1184 3034 1353 3108 Ecclesiae
1379 3030 1508 3104 cultum
1532 3053 1621 3100 con-

282 3145 566 3241 tulisset.(104)
591 3154 753 3226 Pietatem
777 3159 811 3226 dt
834 3155 1045 3246 majestatem
1066 3159 1098 3228 S.
1123 3157 1245 3226 Leonis
1270 3154 1387 3246 Magni
1410 3153 1539 3243 spirare
1554 3149 1621 3220 mi.

281 3267 316 3336 hi
342 3266 502 3340 videntur
526 3267 688 3360 epistolae
712 3321 723 3357 ‚
746 3294 831 3364 quas
856 3273 1035 3346 Sadoletus
1060 3275 1229 3346 Pontificis
1254 3277 1390 3348 nomine
1415 3272 1550 3362 scripsit
1575 3268 1622 3341 ad

281 3382 373 3457 viros
397 3383 545 3472 litteris,
569 3389 700 3477 gratia,
723 3391 878 3480 opibus,
902 3394 1121 3484 dignitatibus
1147 3398 1179 3478 bt
1203 3396 1350 3486 imperiis
1374 3410 1614 3486 praestanteS,

281 3519 320 3574 ut
345 3526 405 3576 eos
430 3507 668 3580 exhortaretur
694 3509 738 3581 ad
763 3513 1049 3602 comprimendam
1074 3533 1270 3586 nascentem
1292 3537 1444 3586 errorum
1459 3532 1614 3602 pestem,

280 3622 315 3690 er
340 3623 383 3694 ad
406 3647 523 3698 vetera
556 3627 715 3702 instituta
739 3655 817 3706 cum
839 3633 1058 3704 observantia
1092 3656 1171 3724 erga
1207 3635 1394 3705 Romanam
1432 3631 1619 3704 Ecclesiam

279 3741 481 3818 retinenda.
503 3749 659 3848 Dumque
683 3753 812 3826 studia-
828 3752 1072 3848 eloquentiae,
1094 3776 1351 3850 ceterarumque
1374 3754 1615 3828 humaniorum

278 3859 472 3938 litterarum
504 3867 643 3943 fovebat
666 3925 677 3958 ‚
702 3872 824 3946 solitus
849 3894 922 3946 erat
941 3873 1079 3960 dicere3
1093 3876 1307 3950 mihilominus
1332 3879 1374 3950 iis
1393 3876 1618 3956 studendum,

281 3983 344 4083 etsi
369 3984 412 4058 iis
436 3989 568 4084 quidam
592 3989 809 4102 abutantur,
834 3990 868 4068 dr
893 3999 1057 4080 medicina
1080 3999 1271 4092 quaerenda
1294 4051 1304 4082 ,
1329 3996 1418 4069 unde
1445 3995 1547 4066 libido
1560 3994 1622 4066 lto·

280 4103 406 4176 minum
430 4112 735 4186 nocentissimorum
759 4115 902 4191 vulnero
929 4118 1108 4217 infligendi
1127 4122 1293 4194 materiem
1310 4119 1570 4193 nanciscuntur.

377 4225 431 4298 Ad
453 4229 538 4302 haec
562 4233 676 4305 studia
704 4239 831 4310 Romae
851 4237 994 4310 colenda
1017 4237 1199 4326 plurimum
1238 4237 1267 4308 is
1294 4237 1482 4310 conducere
1507 4257 1614 4327 puta·

278 4342 338 4417 bat
363 4344 457 4422 illum
479 4347 709 4426 litteratorum
734 4356 907 4428 hominum
933 4377 1096 4440 coetum,
1128 4361 1183 4432 cui
1217 4356 1420 4430 Academiae
1445 4359 1614 4430 Romanae

163 4505 168 4512 ·
281 4486 406 4544 nomen
430 4488 505 4545 etat
517 4521 528 4562 ,
542 4473 705 4570 cujusque
728 4475 906 4550 institutor
924 4475 1038 4551 suerat
1055 4478 1258 4572 Pomponius
1272 4477 1416 4551 laetus.
1431 4477 1508 4550 Non
1527 4475 1613 4550 satis

885 4573 958 4646 Bb
