4386 5838
612 643 676 692 ιω
974 565 1588 700 ·Ῐ,1Σ,ΟΝΙΒΧ.Ι

556 757 677 822 natus,
703 759 801 828 quem
836 738 902 808 Leo
929 739 1089 832 Legatum
1115 739 1157 809 ad
1183 741 1361 808 Caesarem
1392 737 1548 818 miserat,
1587 731 1746 828 misitque
1791 734 1891 805 etiam
1959 777 1961 783 .

483 923 489 932 .
555 879 697 946 postea,
724 884 799 928 curn
825 883 974 948 purpura
997 859 1175 930 decoratus
1215 858 1356 939 suisset,
1397 857 1438 926 ad
1475 856 1657 926 Hernicum
1693 856 1887 925 Britanniae
1973 835 1976 842 .

553 981 702 1068 Regem,
729 1005 748 1049 a
773 1003 842 1072 quo
867 981 1117 1050 Saresburiensi
1142 981 1341 1068 episcopatu
1366 977 1482 1046 aulius
1525 976 1609 1047 suit.
1650 977 1751 1044 Hunc
1785 997 1892 1044 orna·

553 1117 703 1172 mentum
730 1100 760 1182 ἃ,
784 1099 884 1168 decus
910 1100 997 1169 sacri
1020 1103 1160 1169 Senatus
1185 1097 1330 1187 appellat
1359 1099 1545 1178 Areo-stus,
1572 1119 1633 1165 nec
1659 1115 1741 1164 sane
1769 1115 1892 1182 parcus

555 1219 620 1288 fuit
646 1218 678 1287 in
704 1239 746 1286 eo
766 1217 937 1288 laudando
961 1195 1138 1301 Erasmus,
1165 1225 1258 1310 cujus
1285 1216 1397 1306 plures
1424 1215 1542 1285 extant
1580 1215 1621 1284 ad
1653 1213 1762 1302 ipsum
1801 1213 1893 1284 litte·

555 1353 636 1405 rae.
661 1337 763 1425 Quod
790 1353 919 1425 semper
947 1339 1162 1408 adamaverat
1186 1343 1253 1408 Leo
1279 1337 1512 1426 prudentiam,
1539 1334 1803 1424 probitatem&
1824 1355 1894 1402 mo·

555 1434 698 1539 destiam
723 1458 757 1526 in
782 1461 907 1527 loanne
934 1457 1183 1528 Piccolomineo
1210 1456 1472 1544 Archiepiscopo
1492 1457 1657 1540 Senensi,
1696 1456 1756 1546 qui
1792 1453 1897 1523 marri·

557 1578 620 1644 mis
647 1577 794 1647 vinculis
821 1547 1081 1666 prbpinquitatis
1107 1575 1305 1670 conjunilus
1332 1572 1443 1644 suerat
1470 1577 1524 1644 l'io
1550 1580 1588 1644 ll.
1615 1571 1843 1672 &111.‚(52)‚
1863 1575 1897 1642 in

557 1697 698 1767 Nicolao
725 1698 966 1786 Pandulphinio
992 1696 1208 1780 Florentino,
1236 1719 1274 1764 ac
1298 1692 1492 1765 Pistoriensi
1519 1696 1708 1784 Episcop0‚
1736 1715 1839 1785 atque
1862 1693 1897 1760 in

555 1822 681 1890 loanne
701 1819 808 1886 Maria
832 1816 874 1909 de
910 1815 1015 1904 Cupis
1055 1817 1227 1899 Romano,
1263 1816 1326 1884 hos
1362 1813 1566 1903 amplissimo
1605 1815 1735 1883 honore
1775 1813 1896 1902 dignos

553 1939 712 2028 putavit.
738 1937 886 2030 Erposui
911 1961 1013 2025 supra
1039 1954 1167 2028 quanto
1185 1934 1302 2004 studio
1326 1954 1585 2025 prosequeretur
1607 1931 1815 2021 Raphaelem
1838 1935 1897 2001 l’e·

555 2057 722 2127 truccium
749 2058 993 2127 Grossetannm
1018 2057 1249 2145 Episcopum,
1274 2077 1372 2146 quern
1389 2053 1507 2124 arciS.
1526 2051 1645 2143 Angeli
1666 2049 1897 2141 praefecerat,

556 2200 720 2270 quemque
743 2178 972 2246 Currantiana
996 2199 1060 2245 suo
1085 2175 1206 2258 domn,
1231 2195 1318 2265 quae
1343 2193 1417 2244 erat
1443 2173 1485 2242 ad
1519 2193 1650 2259 portam
1676 2173 1897 2260 Vaticanum,

557 2319 634 2368 cum
659 2293 767 2364 hortis
788 2297 1000 2368 donaverat.
1029 2301 1139 2387 Atque
1161 2295 1213 2364 his
1238 2292 1412 2363 linibus
1386 2315 1415 2362 st
1445 2294 1669 2364 continuisset
1707 2292 1897 2364 liberalita-

407 2410 434 2442 ‘'
488 2423 491 2428 '
558 2433 627 2485 tem
653 2438 775 2492 suam,
796 2438 904 2505 neque
930 2415 971 2485 de
997 2415 1090 2484 illo'
1082 2439 1116 2485 m
1141 2417 1301 2486 Senatum
1325 2415 1520 2504 cooptando
1545 2415 1749 2506 cogitasset,
1774 2416 1896 2486 melius

557 2537 692 2628 quidem
717 2535 825 2606 famae
845 2559 930 2608 suae
955 2530 1210 2606 consuluisset.
1237 2535 1417 2606 Consuluit
1442 2537 1576 2628 quidem
1605 2559 1683 2618 curn
1722 2536 1835 2606 locum
1861 2534 1897 2604 iu

556 2651 617 2725 illo
643 2631 791 2726 dedisset
817 2656 973 2726 Andreae
999 2655 1040 2726 de
1064 2655 1159 2727 Valle
1184 2659 1362 2732 Romano,
1388 2681 1407 2728 e
1433 2657 1528 2748 cujus
1554 2653 1687 2728 orenil
1721 2656 1789 2726 nisi
1824 2681 1913 2748 granv

550 2797 619 2859 ¹tre,
640 2795 793 2846 severum
813 2779 844 2841 &
868 2779 1032 2868 sapientia
1058 2776 1221 2874 refertum
1246 2775 1425 2864 prodibat,
1451 2777 1569 2846 loanni
1594 2774 1768 2864 Baptistae
1793 2773 1900 2847 Palla·

480 2921 485 2936 ’
556 2895 681 2970 vicinio
706 2899 880 2970 Genuensi
904 2897 1087 2970 multarum
1112 2895 1362 2986 disciplinarum
1388 2896 1560 2983 scientia,
1587 2898 1619 2964 dt
1649 2897 1826 2986 prudentia
1860 2899 1898 2970 in

558 3017 705 3117 negotiis
733 2989 1004 3090 administrandis
1031 3017 1151 3103 clare,
1176 3019 1272 3104 cujus
1300 3039 1376 3087 cum
1404 3013 1528 3086 familia
1551 3038 1673 3109 magna
1699 3019 1762 3090 sibi
1790 3021 1900 3088 inter-

556 3157 707 3210 cesserat
733 3137 901 3221 amicitia‚
926 3138 1155 3210 Scaramutiae
1178 3134 1350 3220 Trivultio
1376 3137 1534 3208 Comensi
1560 3136 1753 3227 Episcopo,
1768 3139 1826 3230 qui
1851 3139 1899 3210 si-

523 3273 524 3276 ’
556 3255 594 3326 bi
618 3260 814 3346 praesertim
840 3258 1114 3349 nomenlsecerat
1138 3259 1173 3328 in
1200 3257 1355 3329 docenda
1379 3259 1490 3328 Ticini
1514 3257 1596 3350 juris
1623 3259 1830 3348 prudentia,
1865 3265 1901 3334 8<

558 3376 744 3448 Dominico
769 3378 942 3449 lacobatio
968 3381 1147 3462 Romano,
1173 3379 1232 3467 qui
1258 3402 1333 3449 curn
1358 3403 1447 3452 esset
1472 3383 1541 3472 ipse
1566 3379 1718 3452 dodlrina
1738 3387 1770 3452 u
1793 3383 1900 3452 virtu·

423 3545 426 3552 r
539 3511 595 3571 =te
620 3497 819 3583 praeditus.
846 3499 907 3568 has
935 3521 1071 3591 quoque
1096 3503 1130 3568 in
1166 3496 1239 3568 aliis
1277 3501 1447 3572 honorare
1483 3521 1613 3590 semper
1653 3519 1900 3574 consueverat.

561 3617 708 3706 Operam
729 3619 924 3688 diuturnam
950 3623 983 3689 br
1006 3615 1125 3688 utilem
1151 3639 1338 3691 nataverat
1367 3622 1471 3691 Leoni
1497 3621 1726 3692 Ferdinandus
1752 3625 1902 3696 Ponzet·

559 3751 616 3806 tus
630 3788 641 3823 ,
655 3760 714 3808 seu
730 3742 923 3823 Poccettus,
937 3762 1036 3829 quern
1057 3735 1114 3809 alii
1138 3737 1398 3829 Neapolitanum
1412 3792 1422 3820 ,
1441 3741 1500 3811 alii
1514 3740 1747 3812 Florentinum
1762 3741 1902 3829 dicunt,

560 3854 598 3926 in
613 3855 707 3947 cujus
723 3857 906 3941 industria,
922 3859 1134 3950 integritate,
1151 3853 1383 3950 varictatequ'e
1399 3858 1571 3930 dodlrinae
1586 3863 1782 3932 muneribus
1799 3863 1903 3935 hone·

560 3975 704 4056 stauda,
722 3977 754 4042 dt
779 3977 870 4050 acuti
887 3976 921 4046 in
947 3977 1133 4066 pendendis
1156 3979 1372 4060 hominibus,
1396 3987 1429 4052 δι
1455 3983 1613 4072 propensi
1638 3981 1673 4049 in
1688 3983 1898 4053 honorandis

564 4091 688 4166 samam
709 4101 742 4166 dr
769 4096 911 4188 gloriam
934 4096 1000 4168 sibi
1017 4121 1212 4188 comparare
1238 4101 1394 4190 putavit.
1418 4102 1460 4170 Et
1487 4123 1568 4172 sane
1591 4124 1631 4172 ea
1654 4123 1735 4173 vera
1759 4100 1904 4174 liberali·

467 4251 469 4258 ι
564 4212 641 4280 tatis
657 4232 708 4282 est
728 4211 822 4299 laus,
858 4238 934 4285 cum
962 4217 997 4288 in
1023 4216 1099 4288 illos
1116 4218 1291 4292 confertur
1319 4221 1547 4308 beneficium,
1572 4223 1631 4312 qui
1655 4245 1717 4292 sua
1736 4223 1901 4312 dignitate

500 4393 506 4403 ,
560 4327 719 4442 donantis
744 4355 867 4423 nomen
893 4336 1089 4408 illustrant.
1115 4339 1201 4406 Cum
1226 4340 1268 4409 de
1293 4341 1463 4427 probitate
1498 4345 1532 4410 δι
1567 4315 1704 4430 ingenio
1731 4343 1899 4416 Francisci

560 4445 745 4522 Armellinii
761 4451 915 4526 Perusini
930 4479 1052 4550 magna
1070 4457 1105 4530 in
1130 4458 1241 4531 animo
1261 4457 1432 4532 Pontificis
1456 4443 1626 4532 insediss'et
1646 4465 1785 4552 opinio,
1809 4463 1903 4534 hune

619 4563 627 4590 s
1541 4557 1547 4571 .
