4372 5842
706 658 738 726 V
833 653 849 726 l
946 659 978 733 'l'
1076 655 1106 728 Α
1495 659 1585 748 229'

284 775 422 852 nouum
444 825 456 862 ,
479 773 634 872 exigebat
658 777 699 850 ab
716 778 757 850 iis
781 801 853 852 non
877 777 986 850 solum
1010 795 1049 850 ut
1072 759 1250 850 obedirent
1270 773 1405 872 legibus
1427 779 1462 850 bt
1485 775 1615 872 tnagis·
1655 819 1660 834 ·

283 883 459 978 travibus,
481 899 540 970 sed
564 899 666 970 etiam
690 916 730 969 ut
754 921 814 972 eos
839 896 1019 988 colerent,
1040 897 1190 972 Platonis
1214 896 1357 972 laudans
1381 897 1612 978 sententiam,

284 1017 343 1110 qui
367 1019 527 1090 Titanum
551 1042 570 1090 e
595 1039 715 1110 genere
739 1018 859 1090 statuit
884 1041 959 1107 eos,
983 1019 1060 1112 qui,
1086 1039 1125 1091 ut
1152 1019 1200 1092 illi
1219 1017 1446 1104 caelestibus,
1469 1018 1520 1090 sic
1544 1037 1615 1088 ma·

282 1136 482 1231 gistratibus
496 1138 558 1230 ipsi
571 1139 814 1212 adversantur.
828 1141 942 1232 Quare
967 1160 1044 1208 cum
1059 1138 1276 1244 scriberetuad
1290 1138 1497 1214 Ludovicum
1511 1138 1616 1208 Fran·

283 1283 361 1334 cum
386 1260 601 1340 Firmanum,
626 1261 683 1352 qui
708 1283 779 1330 non
804 1258 861 1330 lite
886 1259 1108 1356 sejudicio,
1144 1259 1204 1330 sed
1229 1259 1328 1334 armis
1350 1257 1508 1352 persequi
1544 1275 1616 1327 rent

281 1401 379 1452 suam
404 1401 507 1452 ausus
531 1378 641 1452 fuerat
661 1429 672 1465 ,
695 1380 778 1449 haec
804 1381 980 1450 minaciter
1010 1379 1123 1452 dixit.
1147 1379 1184 1450 Si
1207 1379 1266 1452 tili
1290 1379 1444 1472 injuriam
1468 1375 1613 1471 aliquam

275 1497 400 1594 focium
426 1554 437 1588 ,
461 1517 521 1572 out
544 1517 577 1572 te
602 1496 670 1570 ullo
697 1498 915 1571 tertiolorum
939 1524 1012 1579 esse
1032 1517 1157 1597 putas,
1172 1502 1202 1574 si
1226 1499 1322 1574 nobis
1344 1493 1613 1594 significaveris,

279 1643 322 1699 co
343 1623 486 1694 remedio
510 1621 761 1709 adhibebimus,
785 1644 870 1719 quoe
893 1620 954 1696 tibi
978 1617 1010 1696 dr
1044 1621 1261 1696 incolumitati
1291 1638 1369 1696 tuoe
1396 1619 1529 1714 fuerint
1554 1637 1615 1712 op·

276 1761 427 1840 portuno
454 1793 461 1815 ,
486 1746 540 1816 sin
565 1761 674 1816 autem
698 1741 838 1816 olemus
863 1795 873 1830 ,
897 1742 987 1839 quod
1008 1765 1076 1814 mon
1098 1743 1283 1828 credimus,
1301 1740 1460 1814 tumuitus
1479 1762 1520 1810 oc
1544 1755 1616 1810 tur·

238 1939 240 1942 .
280 1861 343 1936 bos
365 1866 510 1938 excitare
528 1867 753 1960 processeris,
774 1865 838 1940 erit
861 1863 957 1937 mobis
981 1885 1115 1938 necesse
1139 1861 1177 1936 id
1197 1885 1296 1961 ogere
1323 1885 1422 1960 ,quo
1447 1879 1479 1933 te
1513 1859 1615 1953 liujus

279 1986 472 2056 temeritatis
494 1988 687 2080 poeniteor.

360 2104 469 2174 ‘Dum
494 2127 535 2175 ea
559 2157 569 2191 ,
594 2131 683 2199 quae
708 2105 751 2180 ad
775 2104 973 2199 dignitatem
997 2107 1211 2202 officiumque
1236 2128 1335 2179 suum
1360 2102 1528 2196 pertinere
1555 2113 1613 2176 ar·'

278 2219 467 2295 bitrabatur
492 2227 561 2296 leo
585 2279 595 2310 ,
619 2225 794 2320 diligenter
818 2227 960 2298 curabat
982 2271 995 2308 ,
1019 2227 1203 2317 quaerebat
1228 2227 1331 2297 etiam
1347 2276 1359 2312 ,
1373 2223 1492 2316 quibus
1519 2222 1643 2331 reia-l

278 2361 376 2414 xaret
409 2366 449 2413 ac
475 2345 659 2418 remitteret
683 2345 831 2416 animum
857 2396 866 2416 .
892 2350 997 2418 Nemo
1021 2345 1172 2436 profeclo
1198 2346 1413 2429 venationi,
1439 2345 1614 2432 aucupio,

278 2483 319 2534 ac
343 2464 489 2553 piscatui
513 2464 570 2536 illo
595 2468 698 2557 magis
721 2465 855 2540 deditus
879 2465 965 2550 suit,
989 2467 1081 2560 quod
1106 2467 1171 2538 etsi
1196 2491 1266 2538 non
1285 2468 1467 2553 decorum,
1485 2487 1548 2536 nec
1563 2461 1614 2534 cli·
1725 2459 1727 2466 ’

274 2604 380 2674 gnum
405 2607 535 2662 summo
560 2585 722 2656 Pontifice
747 2585 843 2660 multi
869 2589 1017 2660 dicerent
1055 2639 1066 2671 ,
1101 2587 1238 2658 retinuit
1264 2607 1412 2673 tamen,
1450 2605 1487 2657 ut
1530 2585 1609 2657 alibi

275 2722 414 2795 quoque
438 2702 601 2786 diximus,
620 2707 898 2778 consuetudinem
912 2707 1092 2799 quotannis
1111 2729 1170 2796 per
1195 2725 1288 2778 totos
1304 2705 1375 2778 sere
1394 2705 1492 2776 binos
1517 2729 1613 2776 men·

273 2843 333 2896 ses
383 2841 460 2915 post
496 2826 707 2898 autumnales
733 2825 863 2916 pluvias
893 2826 1095 2918 peragrandi
1120 2827 1256 2900 vicinos
1282 2806 1412 2918 agros.
1438 2828 1514 2896 Non
1535 2823 1610 2896 lon·

273 2964 317 3034 pe
341 2966 362 3014 a
386 2943 539 3016 Viterbio
573 2945 617 3016 ad
640 2947 787 3018 thermas
815 2945 965 3018 alebatur
991 2969 1111 3038 magna
1134 2947 1232 3037 copia
1257 2945 1502 3026 coturnicum,
1528 2967 1612 3034 per-

273 3063 390 3136 dicum
413 3068 448 3137 tr
473 3065 739 3156 phasianorum,
764 3089 853 3160 quae
878 3064 994 3138 avium
1018 3089 1142 3159 genera
1167 3067 1380 3157 accipitribus
1405 3069 1438 3137 tr
1479 3065 1612 3138 asturi·

269 3179 337 3254 bus
360 3201 433 3257 arte
449 3183 580 3258 edoctis
603 3185 762 3278 singulari
785 3211 862 3278 curn
886 3187 1062 3275 voluptate
1088 3185 1295 3258 sedabatur.
1323 3185 1525 3260 Divertebat
1548 3187 1611 3258 in·

273 3301 317 3376 de
340 3303 384 3376 ad
400 3303 614 3394 ‚vusini0s‚
639 3306 738 3378 villas
766 3307 916 3380 Farnesii
945 3304 1134 3378 Cardinalis
1150 3305 1389 3390 habitaturus,
1419 3333 1505 3402 quas
1525 3305 1610 3382 mul·

272 3439 326 3494 tas
362 3424 404 3496 iis
444 3427 481 3500 in
508 3428 590 3500 locis
617 3429 785 3512 habebat,
817 3428 993 3518 piscinis,
1025 3425 1221 3498 salientibus
1258 3427 1379 3520 aquis,
1415 3427 1612 3520 palaestra,

271 3543 378 3632 sylvis
406 3547 630 3628 viriditatis,
674 3553 709 3620 br
751 3549 909 3640 pomariis
946 3567 1106 3620 ornatas.
1134 3547 1335 3620 Piscabatur
1364 3573 1449 3622 vero
1482 3550 1536 3620 vel
1574 3551 1611 3622 in

272 3661 378 3750 lacu,
414 3667 469 3738 vel
503 3666 549 3738 ad
580 3670 713 3742 Martae
742 3670 849 3740 amnis
879 3668 1040 3752 exitum,
1081 3669 1355 3762 retinebaturque
1390 3674 1425 3742 br
1457 3665 1610 3742 locorum

271 3783 505 3867 amoenitate,
539 3787 574 3856 bt
613 3788 752 3859 Domini
787 3787 1062 3880 magnificentia.
1096 3787 1240 3860 Modicis
1275 3788 1398 3860 deinde
1430 3785 1609 3860 itineribus

268 3923 328 3994 per
373 3905 523 3976 Tuscum
557 3929 671 4000 agrum
702 3908 744 3979 ad
774 3931 864 3980 mare
895 3914 986 3984 circa
1014 3907 1196 3978 Grauiscas
1226 3927 1328 3999 atque
1358 3906 1608 3978 Centumcellas

269 4021 519 4112 descendebat,
553 4029 585 4092 bt
615 4027 700 4098 haec
731 4052 869 4121 quoque
903 4029 1024 4098 itinera
1047 4029 1238 4098 conditiora
1258 4025 1403 4096 faciebat
1423 4023 1608 4114 aucupium

262 4159 374 4234 atque
404 4143 572 4230 venatio.
600 4149 687 4218 Cum
711 4168 794 4218 vero
821 4145 911 4236 apud
940 4123 1127 4218 Corneturn
1162 4148 1197 4218 iu
1236 4145 1478 4236 Tarquiniensi
1515 4167 1607 4217 con-

221 4315 224 4322 ·
271 4263 425 4351 sidebat,
454 4285 577 4356 magna
608 4265 653 4338 ibi
683 4285 757 4336 erat
794 4263 907 4337 clades
944 4287 1146 4351 cervorum,
1190 4287 1434 4360 aprorumque,
1463 4271 1496 4339 br
1524 4265 1607 4337 nle-
1722 4259 1727 4270 ⁴

268 4383 358 4455 sium
399 4389 433 4457 bt
476 4384 666 4458 Cerveteris
693 4383 844 4474 sylvae,
883 4407 942 4476 per
971 4409 1058 4478 quas
1086 4385 1281 4469 transibat,
1303 4409 1380 4458 eum
1410 4387 1449 4458 in
1481 4389 1608 4460 Urbem

270 4504 336 4576 sub
359 4503 529 4582 Kalendas
556 4504 777 4600 Novembris,
804 4505 862 4585 vel
894 4503 1008 4600 paullo
1041 4507 1148 4582 serius
1174 4531 1195 4581 a
1230 4505 1472 4584 centumcellis
1504 4507 1604 4580 redi·
