4386 5838
639 599 709 674 '106
1051 595 1152 669 Le
1201 595 1311 668 GN
1357 603 1370 670 l
1423 595 1467 669 δ’
1518 594 1559 668 Χ.

593 734 870 809 comparaverat.
893 718 996 811 Quod
1021 718 1182 799 mireris,
1208 741 1284 786 curn
1310 721 1528 790 convenisset
1553 715 1704 790 Pontifici
1740 713 1921 790 cunr'Gal·

589 841 657 914 liae
682 847 772 932 Rege
811 841 851 910 de
889 837 1088 931 quibusdam
1114 838 1236 921 rebus,
1269 841 1304 908 in
1342 839 1467 931 quibus
1489 842 1543 910 hic
1569 839 1681 910 datam
1709 841 1772 909 sibi
1795 844 1953 910 sono:

533 1017 535 1022 ,
590 963 668 1033 niae
702 964 800 1032 fidem
838 962 1051 1053 requirebat,
1090 959 1130 1030 ab
1155 953 1470 1032 eodemtre'cento's
1508 949 1639 1053 equites
1676 960 1853 1046 obtinuit,
1887 965 1922 1032 dt
1981 1053 1985 1066 .

588 1105 726 1172 praesto
759 1081 897 1155 fuerunt
921 1085 1047 1152 Romae
1070 1082 1233 1172 Hispani,
1272 1105 1359 1172 quos
1387 1083 1639 1167 conscriberet,
1661 1081 1746 1151 nulli
1771 1081 1923 1172 sumptui

588 1230 630 1274 ac
655 1205 763 1276 labori
800 1227 966 1294 parcens,
991 1219 1028 1272 ut
1053 1201 1094 1271 de
1119 1203 1219 1271 hoste
1244 1203 1491 1292 triumpharet,
1524 1204 1680 1294 quamvis
1716 1202 1921 1294 intelligeret

589 1328 660 1396 irae
686 1327 790 1415 magis
816 1329 850 1391 &
873 1319 1096 1404 ambitionis,
1118 1345 1219 1415 quam
1245 1318 1373 1414 gloriae
1400 1323 1474 1394 fore
1497 1325 1725 1412 triumphum.
1751 1314 1838 1392 Tum
1863 1347 1928 1394 ve·

589 1469 631 1516 ro
655 1448 789 1537 gravior
816 1467 896 1517 eura
919 1435 1098 1515 francisco
1124 1445 1253 1514 Mariae
1279 1444 1433 1527 incessit,
1459 1430 1583 1536 quippe
1609 1469 1684 1515 cum
1710 1445 1807 1535 prodi
1829 1467 1925 1514 caus·

590 1563 663 1634 sam
690 1587 784 1635 suam
811 1568 891 1636 ab
872 1585 917 1635 rr's
932 1556 1075 1657 Regillus
1101 1581 1276 1648 cerneret,
1302 1587 1388 1655 quos
1414 1564 1560 1652 injusti
1553 1563 1682 1652 imperii
1708 1565 1836 1634 ultores
1862 1563 1927 1632 fo·

590 1705 627 1756 re
652 1707 875 1775 speraverat.
901 1691 1021 1778 ltaque
1050 1673 1201 1756 certioris
1230 1683 1361 1755 vitandi
1386 1705 1505 1752 caussa
1531 1684 1675 1772 periculi
1710 1665 1751 1752 ad
1777 1686 1926 1752 Lauren·

590 1807 674 1875 rium
701 1807 790 1876 misit
813 1806 983 1876 hominem
1017 1807 1206 1892 Hispanum
1242 1807 1444 1896 cognomine
1479 1807 1697 1890 Suaresium,
1737 1803 1795 1893 qui
1834 1801 1925 1871 illum

588 1949 652 1994 suo
677 1927 814 1996 nomine
840 1927 1003 1997 invitaret
1029 1927 1069 1996 ad
1093 1924 1253 2016 singulari
1273 1927 1453 1996 certamine
1471 1925 1633 1994 finiendas
1650 1923 1923 1992 controversiasa

588 2023 759 2134 Principio
785 2047 920 2116 minime
946 2049 1174 2118 conditionem
1200 2047 1327 2134 respuit
1352 2047 1582 2129 Laurentius,
1623 2052 1750 2133 postea'
1781 2041 1924 2111 simula·

585 2156 720 2235 tionem
745 2172 778 2239 δι
805 2166 958 2237 fallacias
982 2181 1134 2238 metuens
1169 2167 1205 2235 in
1233 2167 1266 2236 id
1291 2167 1393 2242 unice
1417 2153 1566 2236 animum
1595 2147 1769 2247 intendit,
1805 2179 1851 2232 ut
1890 2159 1925 2228 in

585 2288 637 2355 rei
662 2275 909 2358 frumentariae
928 2287 1120 2376 angustias,
1147 2305 1316 2375 occupato
1341 2285 1552 2377 Sorbolungo
1588 2309 1636 2356 ac*
1658 2284 1780 2357 vicinis
1812 2284 1925 2370 locis,

588 2426 648 2496 per
673 2429 760 2499 quae
787 2425 942 2477 annonae
965 2407 1231 2493 subveniebant,
1256 2407 1374 2476 hostes
1400 2409 1607 2493 adduceret,
1641 2387 1843 2498 cogeretque
1869 2427 1926 2476 ca·

586 2543 661 2597 stra
685 2527 911 2598 munitissima
936 2525 1110 2598 deserere.
1134 2528 1337 2617 Quanquam
1364 2527 1446 2596 huic
1470 2507 1787 2619 semelite'runrque
1805 2501 1923 2595 'occa-

585 2647 637 2716 sio
663 2647 818 2718 benerei
843 2648 1009 2738 gerendae
1034 2647 1148 2718 oblata
1175 2648 1302 2732 fuerit,
1334 2650 1441 2720 multa
1480 2669 1591 2720 tamen
1629 2649 1683 2721 vel
1724 2650 1920 2737 imperitia,

581 2766 639 2836 vel
663 2767 815 2854 malitia,
840 2769 896 2838 vel
920 2753 1057 2858 ignavia
1082 2767 1206 2836 ducum
1229 2767 1370 2840 adversa
1397 2773 1616 2858 acciderunt,
1654 2777 1687 2842 δι
1725 2767 1850 2842 vulnus
1888 2761 1924 2838 in

585 2887 697 2976 capite
722 2887 874 2977 accepit,
901 2877 1043 2958 durnin
1069 2887 1249 2958 Mondolfo
1270 2891 1501 2982 oppugnando
1527 2893 1782 2982 occupabatur:
1809 2889 1923 2982 magni

585 3008 676 3077 enim
702 3019 775 3078 e'rat
802 3009 1152 3080 animiinadeundis
1187 3010 1378 3101 periculisa
1416 3013 1574 3084 Vulneris
1614 3013 1754 3082 curandi
1797 3033 1921 3081 caussa

583 3127 763 3199 Anconam
788 3113 1038 3217 concessit,'&
1062 3129 1105 3202 ob
1129 3114 1202 3226 ejus
1227 3134 1268 3204 ab
1294 3132 1447 3203 exercitu
1463 3129 1669 3215 discessum,
1697 3155 1772 3226 cum
1796 3129 1922 3200 milites

583 3270 696 3341 neque
721 3252 857 3322 ordines
882 3271 1077 3337 servarent,
1102 3275 1164 3324 nec
1190 3255 1314 3326 ducum
1341 3253 1437 3324 diflis
1464 3253 1638 3324 audientes
1664 3243 1799 3336 essent,
1815 3273 1925 3346 ‚prae-

582 3367 648 3438 dae
673 3369 800 3462 magis,
827 3395 928 3480 quam
952 3372 1111 3446 victoriae
1136 3375 1250 3464 cupidi
1275 3399 1349 3447 esse
1373 3375 1595 3450 videbantur.
1636 3379 1725 3446 Tum
1764 3373 1922 3464 Pontifex

583 3487 676 3556 misit
700 3513 741 3560 eo
766 3493 972 3565 Beruardurn
997 3495 1174 3569 Dovitium
1198 3497 1434 3585 Cardinalem,
1460 3497 1528 3568 cui·
1543 3498 1711 3567 neminem
1726 3495 1814 3565 fide
1806 3521 1840 3582 ιιι
1864 3517 1920 3580 se,

584 3609 619 3676 δι
645 3611 758 3681 studio
783 3629 895 3684 rerunt
919 3615 1056 3686 suarum
1081 3634 1161 3708 prae
1165 3617 1311 3708 f,erebat
1337 3625 1371 3693 δι
1396 3618 1491 3690 malis
1513 3641 1598 3690 sane
1619 3619 1787 3690 ominibus
1815 3615 1923 3686 adve-

582 3727 677 3800 nisse
701 3732 870 3823 judicatus
895 3753 967 3822 est,
994 3759 1071 3808 cum
1095 3737 1261 3811 maximus
1288 3738 1480 3812 tumultus
1472 3765 1507 3809 ιιι
1523 3759 1675 3810 exercitu
1697 3737 1840 3825 fuisset,
1867 3759 1922 3805 or·

583 3865 642 3919 tus
667 3877 686 3922 a
711 3851 877 3925 nullius·
869 3859 1030 3928 momenti
1053 3861 1255 3971 quaestione
1281 3859 1372 3932 inter
1397 3826 1541 3932 militem
1567 3861 1773 3930 Germanum
1794 3864 1841 3930 δι
1849 3839 1929 3927 lta?

583 3963 679 4054 lum,
703 3977 804 4064 quam
829 3976 873 4045 ob
898 3959 967 4047 rent
991 3981 1126 4051 centum
1137 3985 1184 4084 δι
1210 3962 1351 4072 amplius
1377 3972 1566 4064 Germani,
1591 3975 1714 4070 viginti
1746 3971 1919 4066 ltali,&
1907 4069 1910 4076 .

583 4089 727 4179 Hispani
750 4096 943 4166 nonnulli
931 4099 1035 4172 vitam
1062 4099 1220 4176 amisere
1243 4105 1337 4176 Sane
1355 4103 1557 4242 magnopere
1573 4089 1817 4188 laborandum
1845 4097 1925 4168 fuit‘

582 4210 744 4297 Dovitio,
771 4236 814 4286 ut
835 4219 930 4288 illuni
954 4196 1153 4309 seda'idt,
1140 4245 1322 4361 rpseque,
1330 4215 1409 4320 dum
1434 4212 1545 4321 cineis
1561 4203 1704 4342 sigrruiri
1725 4197 1946 4312 Ιιιιίιιιίιε··

582 4329 674 4400 bat'
666 4351 771 4403 inter
776 4337 1049 4426 tumultuantes,
1072 4339 1213 4444 magna'
1219 4335 1336 4418 'voc'e
1345 4365 1411 4417 eos
1444 4349 1674 4444 adhortans,'
1681 4363 1719 4415 ιιι
1741 4339 1803 4414 'ab
1815 4327 1928 4442 armis

581 4447 819 4544 discederent,
839 4457 930 4530 ritae
958 4460 1156 4554 periculum
1167 4455 1275 4606 'al'tliip
1301 4451 1449 4538 Sedato*
1452 4482 1486 4536 ιι
1471 4443 1663 4554 multu,
1650 4454 1814 4558 optimum
1837 4464 1914 4534 'esse
1987 4448 1988 4452 ¹
