4386 5838
747 662 778 732 V
874 666 891 735 l
986 663 1018 734 T
1115 664 1150 736 A
1221 713 1231 739 ,
1560 665 1603 750 81

308 774 486 871 magisque
511 774 575 854 sibi
601 775 850 854 conciliauent.
877 783 1034 858 Pontifex
1061 784 1132 878 ipse
1158 784 1321 860 suadebat
1347 784 1588 874 latumias,
1610 804 1656 854 ne

290 896 459 998 differret
481 898 538 972 sui
563 906 596 975 dt
622 901 840 992 Reipublicae
869 906 1083 980 Florentinae
1101 905 1240 980 nomine
1260 908 1404 1000 Legatos
1426 907 1560 978 adeum
1576 905 1654 976 mit·

314 1037 415 1102 tere,
440 1043 499 1112 pet
523 1045 610 1116 quos
634 1046 714 1094 suas
740 1026 960 1120 civitatisque
986 1027 1140 1100 fortunas
1167 1027 1238 1122 ejus
1264 1025 1341 1100 lide'r
1376 1030 1653 1113 commendares,

314 1159 592 1218 commemoraret
617 1165 735 1218 vetera
759 1145 934 1222 Gallorum
961 1147 995 1220 in
1019 1150 1190 1222 Mediceos
1217 1127 1357 1231 merita,¹
1386 1169 1567 1240 paternum
1590 1170 1654 1238 pto

313 1259 354 1336 lis
379 1265 520 1341 effusum
545 1270 765 1372 sanguinem,
788 1273 821 1336 bt
847 1291 1060 1342 constantem
1084 1274 1247 1357 Senatus,
1273 1269 1460 1364 populique
1486 1268 1657 1340 Florenti-

217 1385 219 1388 ’
249 1420 254 1432 ·
304 1385 354 1456 -ni
379 1411 459 1480 erga
483 1411 542 1460 eos
566 1387 805 1462 uoluntatem.
837 1395 927 1464 llaec
952 1417 993 1464 eo
1017 1393 1234 1484 spedlabant,
1267 1415 1306 1468 ut
1331 1393 1360 1464 si
1396 1391 1520 1464 bellurn
1559 1387 1657 1460 ltali-

315 1530 393 1590 ‚tum
417 1533 437 1580 a
461 1509 646 1583 francisco
672 1513 921 1603 susciperetur,
953 1517 1036 1586 satis
1060 1539 1135 1588 esse
1170 1537 1312 1589 caussae
1349 1532 1516 1605 putaret,
1550 1535 1657 1604 quare

313 1627 445 1702 nullum
470 1634 626 1706 Mediceis
659 1634 926 1710 &Florentinis
951 1635 1193 1709 detrimentum
1219 1637 1375 1706 afferret.
1401 1638 1443 1706 Et
1482 1651 1560 1704 toto
1583 1631 1659 1724 qui·

314 1749 389 1822 dent
416 1751 530 1824 animo
555 1754 584 1826 is
610 1752 780 1828 serebatur
806 1757 848 1828 ad
872 1756 1086 1830 educendum
1112 1756 1301 1828 exercitum
1326 1755 1360 1826 in
1391 1753 1482 1824 hanc
1519 1753 1660 1844 expedi-

313 1869 468 1962 tionem,
494 1900 556 1968 pro
582 1901 652 1970 qua
674 1897 728 1950 tot
754 1895 937 1972 apparatus
963 1878 1092 1950 fecerat
1119 1876 1337 1964 audoueus,
1364 1880 1396 1950 a<
1423 1897 1444 1944 a
1482 1897 1552 1966 qua
1587 1897 1659 1944 ma·

316 1991 437 2100 xlmam
460 1995 626 2086 gloriam,
661 2003 757 2096 cujus
782 2019 857 2072 erat
882 1997 1124 2087 avidissimus,
1166 2020 1203 2070 se
1238 2018 1508 2076 consecuturum
1545 2017 1661 2086 spera·

313 2111 390 2184 bat.
416 2116 511 2188 Misit
536 2117 653 2211 itaque
670 2121 813 2210 Legatos
840 2119 1025 2205 Venetias,
1046 2120 1106 2211 qui
1127 2119 1175 2198 ¹de
1210 2119 1346 2192 foedere
1381 2119 1524 2212 antiquo
1560 2139 1661 2187 reno·

313 2236 428 2306 vando
461 2257 625 2329 agerent,
650 2231 811 2335 spemque
835 2242 993 2314 accendit
1019 2242 1053 2316 itt
1079 2241 1241 2312 Pontifice
1259 2241 1300 2312 ei
1324 2240 1526 2332 suisquese
1561 2227 1664 2306 mini·
1733 2320 1736 2328 Ι

314 2376 366 2424 me
394 2357 619 2446 defuturum,
651 2362 679 2431 si
715 2385 793 2434 cum
829 2362 948 2436 liceret
977 2363 1015 2434 iis
1053 2359 1183 2432 nullius
1215 2383 1290 2434 esse
1320 2360 1450 2451 partis,
1489 2379 1565 2427 cum
1597 2353 1664 2424 ini·

312 2475 409 2548 micis
433 2478 505 2548 suis
532 2480 672 2552 minime
697 2486 949 2568 consentirent,
980 2489 1014 2560 dt
1052 2482 1087 2554 in
1107 2481 1286 2554 retinenda
1312 2477 1530 2572 Reipublicae
1553 2475 1664 2568 digni·

312 2608 383 2666 tate
407 2598 509 2670 unice
536 2598 795 2674 adlaborarent.
829 2603 1002 2696 Principio
1033 2604 1205 2677 simulavit
1236 2627 1274 2676 se
1308 2625 1384 2673 cunt
1408 2597 1576 2672 Helvetiis
1590 2615 1662 2668 rent

310 2714 436 2808 babere
461 2718 570 2806 velle,
593 2743 739 2814 quorum
763 2719 881 2794 odium
907 2721 943 2792 in
967 2723 1086 2796 Gallos
1109 2747 1176 2800 nec
1203 2723 1360 2816 precibus
1397 2717 1562 2812 mitigari,
1594 2738 1658 2787 nec

312 2836 459 2910 utilitate
483 2840 638 2936 deponi,
662 2867 724 2916 nec
748 2863 929 2918 vetustate
955 2844 1064 2924 sedati
1088 2867 1191 2935 posse
1226 2839 1428 2916 videbatur.
1461 2838 1526 2910 Sed
1556 2858 1658 2910 nemo

309 2957 508 3044 dubitabat,
534 2961 616 3054 quin
641 2963 684 3036 ad
707 2967 943 3058 occupandum
968 2961 1200 3038 Mediolanum
1225 2957 1309 3035 tota
1338 2979 1473 3051 mente,
1507 2959 1659 3053 totisque

308 3080 439 3152 uiribus
462 3083 674 3174 intenderet,
701 3087 800 3180 cuius
824 3110 861 3158 se
880 3089 1011 3158 Ducem
1035 3083 1193 3169 dixerat,
1214 3086 1293 3157 bum
1310 3081 1444 3156 Galliae
1462 3083 1557 3177 regui
1578 3103 1658 3189 pos<

307 3200 496 3273 sessionem
520 3205 732 3296 occupavit.
756 3209 806 3278 Ea
829 3225 965 3298 propter
990 3223 1226 3280 convenerunt
1249 3195 1542 3296 apua'nelverios
1562 3203 1660 3295 ipsos

308 3321 485 3410 Caesaris,
506 3323 753 3426 ¹Hispaniarum
777 3327 879 3420 Regis
902 3333 936 3400 bt
960 3325 1144 3404 Mediolani
1169 3327 1275 3400 Ducis
1291 3327 1429 3421 legati,
1451 3326 1562 3422 deque
1581 3321 1659 3394 soe·
1682 3331 1685 3338 '

308 3443 389 3518 dete
409 3445 499 3520 inter
521 3469 561 3518 se
582 3449 788 3539 paciscendo
811 3467 1084 3536 consenserunt,
1110 3469 1261 3540 tempore
1293 3447 1487 3519 constituto
1509 3441 1657 3516 Pontifi-

309 3565 365 3648 ei,
392 3589 493 3661 quent
516 3571 697 3640 constabat
721 3568 768 3641 nil
792 3565 867 3640 tarn'
885 3593 1038 3660 cupere,
1062 3594 1163 3664 quam
1188 3588 1343 3650 avertere
1378 3565 1557 3640 Gallorum
1588 3564 1654 3636 stt·

307 3711 419 3766 aorem
442 3690 484 3762 ab
508 3687 625 3764 Italiae
650 3691 824 3780 pernicie,
844 3691 881 3762 itt
901 3687 984 3762 illud
1008 3690 1236 3764 transeundi.
1273 3691 1338 3766 Sed
1366 3689 1425 3763 hic
1461 3710 1524 3764 atto
1556 3701 1656 3760 more

306 3835 379 3885 tent
403 3810 537 3884 differre
560 3835 599 3886 at
628 3815 908 3905 procrastinare,
933 3791 1089 3904 ambigua
1117 3815 1152 3884 dt
1174 3809 1360 3908 flexiloqua
1382 3811 1489 3886 verba
1512 3829 1656 3900 respon·

304 3933 408 4020 dere,
433 3951 474 4006 ut
497 3930 561 4004 sibi
585 3932 726 4005 liberum
752 3955 844 4006 esset
869 3931 945 4004 uela
971 3955 1013 4006 eo
1039 3931 1148 4020 date,
1170 3953 1241 4026 quo
1265 3953 1304 4008 te
1341 3929 1541 4005 inclinasset
1574 3925 1656 3998 sor·
1765 3917 1769 3922 ’

303 4039 414 4122 euna.
439 4053 537 4125 Prius
564 4075 666 4144 quam
692 4055 877 4147 quidquam
911 4053 1109 4128 decerneret
1133 4045 1361 4146 (quanquam
1386 4049 1567 4140 plurimum
1606 4041 1651 4115 de

301 4169 518 4244 decernendo
541 4171 775 4246 stimularetur
806 4173 848 4245 ab
875 4171 1016 4248 Alberto
1040 4175 1234 4266 carpensi,
1270 4177 1305 4248 dt
1341 4173 1554 4256 liieronytno
1589 4163 1648 4235 Vi·

301 4291 381 4362 eltio
408 4291 623 4368 Caesaris&
647 4293 824 4376 ¹Catholici
851 4295 951 4388 Regis
987 4297 1116 4367 Rornae
1140 4290 1302 4387 legatis,
1327 4289 1450 4386 quibus
1477 4305 1646 4358 summam
1746 4330 1748 4336 -

301 4432 411 4484 terum
436 4411 588 4486 narnium
612 4412 711 4484 fidem
734 4409 861 4485 babere
894 4411 1106 4508 uidebatur)
1143 4413 1347 4487 franciscus
1375 4411 1449 4481 Rex
1484 4403 1573 4477 misit
1598 4401 1644 4474 ad

302 4543 381 4634 astra
403 4531 610 4620 Guilelmus
634 4534 833 4626 Budaeuu,
856 4553 928 4634 quo
951 4555 1052 4610 nemo
1079 4544 1155 4612 erat
1177 4531 1221 4612 iis
1259 4529 1470 4628 temporibus
1503 4519 1646 4602 praees
