4472 5828
643 639 746 690 ts.
997 613 1532 724 ,leonaste
2014 698 2017 704 ι

591 737 689 807 desto
716 737 749 806 u
775 731 863 824 frugi
888 731 942 805 vel
967 735 1120 808 seniores
1161 758 1275 828 petere
1314 730 1467 828 exempla
1501 733 1668 805 virtutum
1711 723 1931 817 potuissent.

590 856 704 936 Testis
731 873 784 926 est
809 851 1012 942 Delphinius
1038 880 1097 946 per
1122 879 1182 936 eos
1206 859 1279 932 dies
1303 875 1417 930 tantas
1441 852 1575 946 pluvias
1599 851 1729 938 fuisse,
1770 867 1808 918 ut
1843 865 1931 914 narn·

592 999 694 1065 quam
720 975 866 1068 majores
892 973 1041 1064 suerint,
1066 977 1128 1050 has
1153 999 1267 1052 tamen
1300 977 1439 1052 minime
1473 973 1709 1068 impedivisse,
1746 966 1930 1060 quominus
2036 949 2041 958 ’

590 1098 734 1168 loannes
763 1098 797 1164 in
822 1096 999 1168 hominurn
1024 1119 1127 1170 coetu
1150 1099 1272 1192 gratiis
1304 1099 1464 1192 agendis,
1490 1103 1523 1172 bt
1548 1088 1836 1189 gratulationibus
1869 1083 1932 1153 lra-

507 1311 511 1318 '
589 1215 731 1300 bendis,
757 1220 791 1286 δι
815 1217 909 1286 omni
932 1217 1046 1290 officio
1073 1219 1300 1310 persolvendo
1320 1221 1574 1311 celebraretur.
1599 1212 1779 1297 Titulum,
1815 1221 1854 1278 ut
1878 1202 1931 1274 lo·

590 1358 766 1428 quuntur,
790 1337 825 1404 S.
848 1337 977 1408 Mariae
1003 1339 1039 1410 in
1065 1341 1446 1430 Dominicaobtinuit,
1473 1339 1509 1412 in
1534 1338 1627 1433 quod
1650 1334 1808 1422 templum
1833 1325 1930 1420 plura

589 1439 755 1529 beneficia
780 1477 900 1549 postea
925 1459 1096 1532 contulit.
1119 1465 1204 1534 Cum
1229 1486 1403 1555 nunquam
1428 1487 1499 1536 non
1533 1463 1624 1532 laeto
1661 1453 1760 1528 uultu
1795 1449 1928 1523 videret
1980 1459 1982 1463 ’

588 1600 667 1648 eum
692 1579 872 1666 Pontifex,
902 1601 942 1653 ut
966 1607 1008 1680 ex
1032 1585 1191 1658 omnibus
1215 1583 1384 1655 molestiis
1399 1608 1439 1656 ac
1463 1582 1668 1663 laboribus,
1692 1589 1726 1646 et
1751 1569 1930 1645 valetudi-

590 1698 645 1767 nis
672 1701 896 1780 incommodis
923 1705 959 1774 in
975 1705 1055 1798 ,ejus
1079 1728 1195 1778 amore
1220 1730 1259 1778 ac
1284 1725 1439 1776 sermone
1465 1699 1711 1794 conquiescere
1734 1690 1928 1774 uideretur,

589 1817 775 1890 multorum
798 1821 945 1905 honori,
969 1829 1003 1894 ar
1029 1826 1161 1914 patriae
1187 1826 1294 1914 ipsius
1315 1821 1475 1914 dignitati
1499 1819 1615 1892 favere
1641 1813 1774 1908 potuit.
1796 1805 1930 1880 Gloria·

590 1957 646 2010 tut
673 1938 745 2028 ipse
770 1941 860 2030 apud
885 1941 1090 2032 Alcyonium
1116 1943 1152 2015 itt
1176 1943 1263 2016 libro
1287 1935 1328 2015 de
1354 1941 1482 2028 exilio,
1503 1960 1571 2008 suo
1592 1933 1808 2026 potissimum
1832 1949 1929 2018 roga·

588 2077 630 2130 tu
652 2059 853 2132 Pontificem
879 2064 1154 2160 Aquileiensibus
1177 2065 1284 2136 sacris
1315 2061 1520 2155 praefecisse
1553 2053 1773 2128 Hermolaum
1808 2047 1930 2118 Bnrba·

587 2199 665 2250 runt
690 2197 763 2253 turn
786 2183 998 2258 Venetorum
1020 2189 1209 2279 Legatum,
1231 2207 1333 2280 quem
1358 2205 1488 2254 summa
1511 2175 1732 2252 observantia
1765 2167 1927 2242 colebat.

587 2301 634 2370 Ut
666 2301 800 2374 audivit
821 2325 906 2376 vero
930 2304 1036 2378 exilio
1062 2303 1217 2408 affedium
1242 2303 1337 2374 illum
1361 2303 1489 2388 fuisse,
1514 2297 1607 2392 quod
1626 2291 1794 2394 ejusmodi
1817 2309 1928 2359 sacer-

588 2421 722 2496 dotium
746 2424 981 2516 suscepisset,
1005 2441 1140 2514 spreta,
1166 2445 1206 2496 ut
1230 2424 1429 2510 dicebatur,
1457 2420 1660 2492 aridioritate
1684 2414 1740 2485 sui
1761 2414 1929 2496 Senatus,

589 2541 712 2632 quibus
738 2542 852 2633 potuit
876 2546 976 2618 rebus
1000 2544 1175 2616 hoininem
1195 2566 1338 2638 genere,
1363 2541 1524 2636 ingenio,
1548 2534 1703 2610 dodlrina
1726 2527 1932 2604 virtutibus.

589 2683 657 2754 que
678 2662 943 2737 ornatissimum·
972 2667 1060 2740 texit
1083 2697 1093 2752 ,-
1118 2661 1305 2756 sudorque
1331 2660 1382 2732 illi
1405 2661 1493 2748 suit,
1529 2679 1569 2732 ut
1603 2652 1783 2746 pristinar'n
1818 2645 1944 2716 sorru·'

587 2804 667 2854 narn
695 2783 834 2854 minime
858 2783 1065 2877 requireret,
1091 2801 1230 2875 atquea
1260 2763 1385 2852 litteris
1420 2804 1492 2850 non
1521 2777 1633 2848 solum
1654 2777 1843 2854 honorem,
1867 2763 1929 2834 sed

586 2899 690 2972 etiarn
714 2900 1004 2974 immortalitatem
1034 2919 1238 2994 quaereret.
1281 2905 1325 2973 Et
1358 2923 1442 2972 sane
1478 2898 1577 2991 plura
1608 2893 1748 2983 scripsit
1786 2884 1927 2959 biennio

586 3017 687 3106 exul,
712 3043 814 3111 quam
835 3022 964 3112 viginti
987 3041 1069 3092 ante
1094 3022 1224 3106 annis,
1250 3043 1330 3091 curn
1353 3020 1466 3108 patria
1491 3023 1524 3089 dt
1549 3015 1772 3097 muneribus,
1799 3007 1941 3102 qtt'aeab'

584 3133 645 3208 ella
670 3137 744 3208 dari
769 3158 952 3228 poterant,
976 3138 1193 3230 amplissimis
1232 3136 1434 3210 frueretur.
1470 3139 1577 3208 Porro
1616 3147 1790 3225 quotquot
1830 3145 1928 3196 erant

585 3253 716 3326 Rornae
740 3255 868 3329 litteris
904 3279 1008 3350 arque
1041 3260 1200 3352 ingenuis
1235 3243 1364 3332 artibus
1390 3257 1498 3328 dediti
1535 3265 1603 3335 au't¹
1635 3251 1843 3334 amicitiam,
1869 3261 1930 3318 aut

586 3369 821 3456 patrocinium
837 3378 1057 3469 requirebant
1080 3377 1239 3465 loannis,
1253 3378 1480 3470 omnibusque
1506 3376 1623 3447 aderat
1646 3391 1721 3441 tum
1739 3389 1803 3438 sua
1827 3361 1932 3456 spon·

591 3507 648 3574 te,
672 3484 755 3562 turn'
768 3494 913 3568 assiduis
930 3497 1037 3586 patris
1060 3495 1384 3586 exhortationibus,
1409 3497 1470 3588 qui
1495 3519 1626 3587 semper
1648 3505 1832 3584 putaverat
1855 3483 1931 3556 ntal-

584 3606 641 3682 los
666 3635 742 3685 esse
765 3611 942 3704 bonores,
964 3617 1026 3708 qui
1049 3639 1130 3690 cum
1153 3619 1464 3692 aliorumutilitate
1486 3606 1624 3689 minime
1647 3632 1762 3682 essent
1787 3593 1931 3698 conjun-

586 3727 660 3802 cll.
683 3736 715 3804 ls
740 3753 919 3808 veronen
943 3737 1055 3810 soltun
1077 3736 1255 3814 donorum
1270 3713 1433 3812 “virorum
1455 3755 1642 3829 congressu
1661 3739 1695 3804 δι
1720 3725 1932 3800 familiarita-

585 3867 622 3922 te
646 3849 904 3944 deledlebttnr,
928 3841 1119 3934 sedetiam
1141 3862 1294 3948 musica,
1317 3859 1481 3952 omnique
1507 3858 1611 3951 digna
1644 3851 1786 3924 homine
1822 3844 1930 3921 nobili

586 3993 683 4050 artes
707 3972 795 4046 nihil
818 3977 1138 4070 praetermittebat,
1161 3981 1256 4074 quod
1292 3983 1336 4054 ad
1373 3979 1607 4054 Cardinalinm
1643 3973 1782 4067 propria
1813 3965 1929 4040 officie

586 4099 621 4167 ἃ
646 4117 789 4168 namra
812 4098 1033 4188 pertinebata
1052 4101 1196 4175 omnino
1221 4097 1303 4174 talis
1326 4119 1426 4190 erar,
1450 4119 1489 4172 ut
1515 4100 1551 4176 in
1575 4121 1651 4170 eum
1679 4091 1826 4187 'coniedli
1849 4113 1929 4163 om·

588 4213 685 4286 nium
707 4214 803 4288 oculi
826 4237 940 4290 essent
960 4270 971 4304 ,
994 4226 1029 4294 dt
1062 4225 1224 4310 omnibus
1256 4222 1337 4296 telis
1373 4219 1534 4295 fortunae
1566 4217 1780 4310 propositam
1822 4214 1940 4304 patris·

576 4334 697 4406 sitam
719 4358 843 4427 magna
861 4359 948 4428 spe,
969 4342 1185 4434 maximoque
1211 4343 1337 4415 solatio
1361 4343 1511 4414 levaret.
1538 4343 1601 4410 Sed
1627 4364 1705 4408 cum
1729 4337 1785 4407 hic
1813 4331 1929 4406 consi·

583 4453 722 4542 ῥιπαὶ
743 4455 819 4533 uias
844 4455 1097 4532 adolescentiae
1118 4455 1287 4549 lubricae,
1312 4461 1436 4552 quibus
1461 4459 1521 4532 illa
1554 4458 1736 4544 insistere,
1773 4473 1834 4528 aut
1870 4454 1928 4526 in-
